% This file was created with JabRef 2.8.
% Encoding: UTF-8

@ARTICLE{Minnich2009,
  author = {A. J. Minnich, et al.},
  title = {Bulk nanostructured thermoelectric materials: current research and
	future prospects},
  journal = {Energy and Environmental Science},
  year = {2009},
  volume = {2},
  pages = {466?479}
}

@ARTICLE{abeles1963,
  author = {Abeles, B. },
  title = {Lattice Thermal Conductivity of Disordered Semiconductor Alloys at
	High Temperatures},
  journal = {Physical Review},
  year = {1963},
  volume = {131},
  pages = {1906--1911},
  number = {5},
  month = {Sep},
  doi = {10.1103/PhysRev.131.1906},
  numpages = {5},
  publisher = {American Physical Society}
}

@ARTICLE{abramson2002,
  author = {A. A. Abramson and C.-L. Tien and A. Majumdar},
  title = {Interface and Strain Effects on the Thermal Conductivity of Heterostructures:
	A Molecular Dynamics Study},
  journal = {Journal of Heat Transfer},
  year = {2002},
  volume = {124},
  pages = {963-970}
}

@ARTICLE{Abramson2002,
  author = {A. R. Abramson and C.-L. Tien and A. Majumdar},
  title = {Interface and Strain Effects on the Thermal Conductivity of Heterostructures:
	A Molecular Dynamics Study},
  journal = {Journal of Heat Transfer},
  year = {2002},
  volume = {124},
  pages = {963}
}

@ARTICLE{agbo2007,
  author = {J. K. Agbo and D. M. Leitner and E. M. Myshakin and K. D. Jordan},
  title = {Quantum Energy Flow and the Kinetics of Water Shuttling between Hydrogen
	Bonding Sites of trans-Formanilide},
  journal = {Journal of Chemical Physics},
  year = {2007},
  volume = {127},
  pages = {064315-1-10}
}

@ARTICLE{agre2004,
  author = {P. Agre},
  title = {Aquaporin Water Channels ({N}obel Lecture)},
  journal = {Angewandte Chemie International Edition},
  year = {2004},
  volume = {43},
  pages = {4278-4290}
}

@ARTICLE{ajdari2006,
  author = {A. Ajdari and L. Bocquet},
  title = {Giant Amplification of Interfacially Driven Transport by Hydrodynamic
	Slip: Diffusio-Osmosis and Beyond},
  journal = {Physical Review Letters},
  year = {2006},
  volume = {96},
  pages = {186102}
}

@ARTICLE{albe2002,
  author = {K. Albe and K. Nordlund and J. Nord and A. Kuronen},
  title = {Modeling of Compound Semiconductors: Analytical Bond-Order Potential
	for {G}a, {A}s, and {G}a{A}s},
  journal = {Physical Review B},
  year = {2002},
  volume = {66},
  pages = {035205}
}

@ARTICLE{alberts2008,
  author = {B. Alberts},
  title = {Considering Science Education},
  journal = {Science},
  year = {2008},
  volume = {319},
  pages = {1589}
}

@ARTICLE{alexander1986,
  author = {Alexander, S. and Entin-Wohlman, Ora and Orbach, R. },
  title = {Phonon-fracton anharmonic interactions: The thermal conductivity
	of amorphous materials},
  journal = {Phys. Rev. B},
  year = {1986},
  volume = {34},
  pages = {2726--2734},
  number = {4},
  month = {Aug},
  doi = {10.1103/PhysRevB.34.2726},
  numpages = {8},
  publisher = {American Physical Society}
}

@BOOK{allen1987,
  title = {Computer Simulation of Liquids},
  publisher = {Clarendon Press, Oxford},
  year = {1987},
  author = {M. P. Allen and D. J. Tildesley}
}

@ARTICLE{allen1993,
  author = {Allen, Philip B. and Feldman, Joseph L.},
  title = {Thermal conductivity of disordered harmonic solids},
  journal = {Physical Review B},
  year = {1993},
  volume = {48},
  pages = {12581--12588},
  number = {17},
  month = {Nov},
  doi = {10.1103/PhysRevB.48.12581},
  numpages = {7},
  publisher = {American Physical Society}
}

@ARTICLE{allen1999,
  author = {P. B. Allen and J. L. Feldman and J. Fabian and F. Wooten},
  title = {Diffusons, locons, and propagons: character of atomic vibrations
	in amorphous {S}i},
  journal = {Philosophical Magazine B},
  year = {1999},
  volume = {79},
  pages = {1715-1731}
}

@ARTICLE{Al-Saidi08p064316,
  author = {W. A. Al-Saidi},
  title = {Variational and diffusion Monte Carlo study of post-d group 13--17
	elements},
  journal = {The Journal of Chemical Physics},
  year = {2008},
  volume = {129},
  pages = {064316},
  number = {6},
  eid = {064316},
  doi = {10.1063/1.2969098},
  keywords = {ab initio calculations; antimony; arsenic; astatine; astatine compounds;
	bismuth; bond lengths; bromine; bromine compounds; coupled cluster
	calculations; dissociation energies; electron affinity; gallium;
	gallium compounds; germanium; HF calculations; indium; indium compounds;
	iodine; iodine compounds; ionisation; lead; Monte Carlo methods;
	polonium; pseudopotential methods; relativistic corrections; selenium;
	spin-orbit interactions; tellurium; thallium; tin; variational techniques;
	vibrational states},
  numpages = {7},
  publisher = {AIP},
  url = {http://link.aip.org/link/?JCP/129/064316/1}
}

@ARTICLE{Al-Saidi07p194105,
  author = {W. A. Al-Saidi and Henry Krakauer and Shiwei Zhang},
  title = {A study of H + H[sub 2] and several H-bonded molecules by phaseless
	auxiliary-field quantum Monte Carlo with plane wave and Gaussian
	basis sets},
  journal = {The Journal of Chemical Physics},
  year = {2007},
  volume = {126},
  pages = {194105},
  number = {19},
  eid = {194105},
  doi = {10.1063/1.2735296},
  keywords = {hydrogen neutral molecules; hydrogen neutral atoms; atom-molecule
	reactions; potential energy surfaces; Monte Carlo methods; atom-molecule
	collisions; hydrogen bonds; molecular configurations; wave functions;
	pseudopotential methods},
  numpages = {8},
  publisher = {AIP},
  url = {http://link.aip.org/link/?JCP/126/194105/1}
}

@ARTICLE{Al-Saidi06p075103,
  author = {Al-Saidi, W. A. and Krakauer, Henry and Zhang, Shiwei },
  title = {Auxiliary-field quantum Monte Carlo study of TiO and MnO molecules},
  journal = {Phys. Rev. B},
  year = {2006},
  volume = {73},
  pages = {075103},
  number = {7},
  month = {Feb},
  doi = {10.1103/PhysRevB.73.075103},
  numpages = {7},
  publisher = {American Physical Society}
}

@ARTICLE{Al-Saidi06p154110,
  author = {W. A. Al-Saidi and Henry Krakauer and Shiwei Zhang},
  title = {Auxiliary-field quantum Monte Carlo study of first- and second-row
	post-d elements},
  journal = {The Journal of Chemical Physics},
  year = {2006},
  volume = {125},
  pages = {154110},
  number = {15},
  eid = {154110},
  doi = {10.1063/1.2357917},
  keywords = {gallium; germanium; arsenic; selenium; bromine; indium; tin; antimony;
	tellurium; iodine; Monte Carlo methods; HF calculations; relativistic
	corrections; pseudopotential methods; electron affinity; ionisation
	potential},
  numpages = {10},
  publisher = {AIP},
  url = {http://link.aip.org/link/?JCP/125/154110/1}
}

@ARTICLE{Al-Saidi03p144511,
  author = {Al-Saidi, W. A. and Stroud, D. },
  title = {Langevin vortex dynamics for a layered superconductor in the lowest-Landau-level
	approximation},
  journal = {Phys. Rev. B},
  year = {2003},
  volume = {68},
  pages = {144511},
  number = {14},
  month = {Oct},
  doi = {10.1103/PhysRevB.68.144511},
  numpages = {8},
  publisher = {American Physical Society}
}

@ARTICLE{Al-Saidi08p154324,
  author = {W. A. Al-Saidi and C. J. Umrigar},
  title = {Fixed-node diffusion Monte Carlo study of the structures of m-benzyne},
  journal = {The Journal of Chemical Physics},
  year = {2008},
  volume = {128},
  pages = {154324},
  number = {15},
  eid = {154324},
  doi = {10.1063/1.2902979},
  keywords = {coupled cluster calculations; molecular configurations; Monte Carlo
	methods; organic compounds; SCF calculations},
  numpages = {4},
  publisher = {AIP},
  url = {http://link.aip.org/link/?JCP/128/154324/1}
}

@ARTICLE{Al-Saidi08p075112,
  author = {Al-Saidi, W. A. and Walter, E. J. and Rappe, A. M.},
  title = {Optimized norm-conserving Hartree-Fock pseudopotentials for plane-wave
	calculations},
  journal = {Phys. Rev. B},
  year = {2008},
  volume = {77},
  pages = {075112},
  number = {7},
  month = {Feb},
  doi = {10.1103/PhysRevB.77.075112},
  numpages = {10},
  publisher = {American Physical Society}
}

@ARTICLE{Al-Saidi07p144101,
  author = {W. A. Al-Saidi and Shiwei Zhang and Henry Krakauer},
  title = {Bond breaking with auxiliary-field quantum Monte Carlo},
  journal = {The Journal of Chemical Physics},
  year = {2007},
  volume = {127},
  pages = {144101},
  number = {14},
  eid = {144101},
  doi = {10.1063/1.2770707},
  keywords = {coupled cluster calculations; dissociation; electron correlations;
	HF calculations; many-body problems; Monte Carlo methods; potential
	energy surfaces; SCF calculations; wave functions},
  numpages = {8},
  publisher = {AIP},
  url = {http://link.aip.org/link/?JCP/127/144101/1}
}

@ARTICLE{Al-Saidi06p224101,
  author = {W. A. Al-Saidi and Shiwei Zhang and Henry Krakauer},
  title = {Auxiliary-field quantum Monte Carlo calculations of molecular systems
	with a Gaussian basis},
  journal = {The Journal of Chemical Physics},
  year = {2006},
  volume = {124},
  pages = {224101},
  number = {22},
  eid = {224101},
  doi = {10.1063/1.2200885},
  keywords = {water; Monte Carlo methods; Schrodinger equation; Gaussian noise;
	wave functions; HF calculations; molecular configurations; bonds
	(chemical)},
  numpages = {10},
  publisher = {AIP},
  url = {http://link.aip.org/link/?JCP/124/224101/1}
}

@ARTICLE{alsayed2005,
  author = {A. M. Alsayed and M. F. Islam and J. Zhang and P. J. Collings and
	A. G. Yodh},
  title = {Premelting at Defects Within Bulk Colloidal Crystals},
  journal = {Science},
  year = {2005},
  volume = {309},
  pages = {1207-1210}
}

@ARTICLE{anderson1959,
  author = {O. L. Anderson},
  title = {The debye temperature of vitreous silica},
  journal = {Journal of Physics and Chemistry of Solids},
  year = {1959},
  volume = {12},
  pages = {41ï¿½52}
}

@ARTICLE{angadi2006,
  author = {M. A. Angadi and T. Watanabe and A. Bodapati and X. Xiao and O. Auciello
	and J. A. Carlisle and J. A. Eastman and P. Keblinski and P. K. Schelling
	and S. R. Phillpot},
  title = {Thermal transport and grain boundary conductance in ultrananocrystalline
	diamond thin films},
  journal = {Journal of Applied Physics},
  year = {2006},
  volume = {99},
  pages = {114301}
}

@ARTICLE{aqvist1990,
  author = {J. Aqvist},
  title = {Ion-Water Interaction Potentials Derived from Free Energy Perturbation
	Slmulations},
  journal = {Journal of Physical Chemistry},
  year = {1990},
  volume = {94},
  pages = {8021-8024}
}

@ARTICLE{asen1997,
  author = {Asen-Palmer, M. and Bartkowski, K. and Gmelin, E. and Cardona, M.
	and Zhernov, A. P. and Inyushkin, A. V. and Taldenkov, A. and Ozhogin,
	V. I. and Itoh, K. M. and Haller, E. E.},
  title = {Thermal conductivity of germanium crystals with different isotopic
	compositions},
  journal = {Physical Review B},
  year = {1997},
  volume = {56},
  pages = {9431--9447},
  number = {15},
  month = {Oct},
  doi = {10.1103/PhysRevB.56.9431},
  numpages = {16},
  publisher = {American Physical Society}
}

@BOOK{ashcroft1976,
  title = {Solid State Physics},
  publisher = {Saunders, Fort Worth},
  year = {1976},
  author = {N. W. Ashcroft and N. D. Mermin}
}

@MANUAL{asmemanual,
  title = {{ASME} Manual {MS-4}, An {ASME} Paper},
  author = {{ASME}},
  organization = {The American Society of Mechanical Engineers},
  address = {New York},
  edition = {latest},
  year = {2003},
  note = {See also URL \verb+http://www.asme.org/pubs/MS4.html+}
}

@ARTICLE{aubertine2005,
  author = {D. B. Aubertine and P. C. McIntyre},
  title = {Influence of {G}e concentration and compressive biaxial stress on
	interdiffusion in {S}i-rich {S}i{G}e alloy heterostructures},
  journal = {Journal of Applied Physics},
  year = {2005},
  volume = {97},
  pages = {013531}
}

@ARTICLE{aubry2008,
  author = {S. Aubry and C. Kimmer and A. Skye and P. K. Schelling},
  title = {Comparison of theoretical and simulation-based predictions of grain-boundary
	Kapitza conductance in silicon},
  journal = {Physical Review B},
  year = {2008},
  volume = {78},
  pages = {064112}
}

@ARTICLE{Aubry2008,
  author = {S. Aubry and C. J. Kimmer and A. Skye and P. K. Schelling},
  title = {Comparison of theoretical and simulation-based predictions of grain
	boundary {K}apitza conductance in silicon},
  journal = {Physical Review B},
  year = {2008},
  volume = {78},
  pages = {064112}
}

@ARTICLE{art,
  author = {A. Author and B. Author and C. Author},
  title = {Article title},
  journal = {Journal {N}ame},
  year = {1994},
  volume = {1},
  pages = {1--3},
  number = {5},
  month = {May}
}

@ARTICLE{baheti2008,
  author = {K. Baheti and J. A. Malen and P. Doak and P. Reddy and S. Y. Jang
	and T. D. Tilley and A. Majumdar and R. A. Segalman},
  title = {Probing the Chemistry of Molecular Heterojunctions Using Thermoelectricity},
  journal = {Nanoletters},
  year = {2008},
  volume = {8},
  pages = {715-719}
}

@ARTICLE{balandin2008,
  author = {A. A. Balandin and S. Ghosh and W. Bao and I. Calizo and D. Teweldebrhan
	and F. Miao and C. N. Lau},
  title = {Superior Thermal Conductivity of Single-Layer Graphene},
  journal = {Nano Letters},
  year = {2008},
  volume = {8},
  pages = {902-907}
}

@ARTICLE{barber2005,
  author = {A. H. Barber and S. R. Cohen and H. D. Wagner},
  title = {External and internal wetting of carbon nanotubes with organic liquids},
  journal = {Physical Review B},
  year = {2005},
  volume = {71},
  pages = {115443}
}

@ARTICLE{baroni2001,
  author = {S. Baroni and S. {de Gironcoli} and A. {Dal Corso} and P. Giannozzi},
  title = {Phonons and related crystal properties from density-functional perturbation
	theory},
  journal = {Reviews of Modern Physics},
  year = {2001},
  volume = {73},
  pages = {515-562}
}

@ARTICLE{baroni1987,
  author = {Baroni, Stefano and Giannozzi, Paolo and Testa, Andrea },
  title = {Green\char39{}s-function approach to linear response in solids},
  journal = {Physical Review Letters},
  year = {1987},
  volume = {58},
  pages = {1861--1864},
  number = {18},
  month = {May},
  doi = {10.1103/PhysRevLett.58.1861},
  numpages = {3},
  publisher = {American Physical Society}
}

@ARTICLE{barrat2003,
  author = {J.-L. Barrat and F. Chiaruttini},
  title = {Kapitza Resistance at the Liquid-solid Interface},
  journal = {Molecular Physics},
  year = {2003},
  volume = {101},
  pages = {1605-1610}
}

@ARTICLE{baskes1992,
  author = {M. I. Baskes},
  title = {Modified embedded-atom potential for cubic materials and impurities},
  journal = {Physical Review B},
  year = {1992},
  volume = {46},
  pages = {2727-2742}
}

@ARTICLE{baughman2002,
  author = {R. H. Baughman and A. A. Zakhidov and W. A. {de Heer}},
  title = {Carbon Nanotubes -- the route towards Application},
  journal = {Science},
  year = {2002},
  volume = {297},
  pages = {787-792}
}

@ARTICLE{bean1984,
  author = {J. C. Bean and L. C. Feldman and A. T. Flory and S. Nakahana and
	I. K. Robinson},
  title = {Ge$_x$ {S}i$_{1-x}$ Strained-layer Superlattice Grown by Molecular
	Beam Epitaxy},
  journal = {Journal of Vacuum Science and Technology A},
  year = {1984},
  volume = {2},
  pages = {436-440}
}

@ARTICLE{becker2006,
  author = {B. Becker and P. K. Schelling and S. R. Phillpot},
  title = {Interfacial phonon scattering in semiconductor nanowires by molecular-dynamics
	simulation},
  journal = {Journal of Applied Physics},
  year = {2006},
  volume = {99},
  pages = {123715}
}

@ARTICLE{beechem2007,
  author = {T. Beechem and S. Graham and P. Hopkins and P. Norris},
  title = {Role of interface disorder on thermal boundary conductance using
	a virtual crystal approach},
  journal = {Applied Physics Letters},
  year = {2007},
  volume = {90},
  pages = {054104}
}

@ARTICLE{berber2000,
  author = {S. Berber and Y.-K. Kwon and D. Tomanek},
  title = {Unusually high thermal conductivity of carbon nanotubes},
  journal = {Physical Review Letters},
  year = {2000},
  volume = {84},
  pages = {4613-4616}
}

@ARTICLE{PhysRevB.81.134301,
  author = {Bernstein, N. and Feldman, J. L. and Singh, D. J.},
  title = {Calculations of dynamical properties of skutterudites: Thermal conductivity,
	thermal expansivity, and atomic mean-square displacement},
  journal = {Phys. Rev. B},
  year = {2010},
  volume = {81},
  pages = {134301},
  month = {Apr},
  doi = {10.1103/PhysRevB.81.134301},
  issue = {13},
  numpages = {11},
  publisher = {American Physical Society},
  url = {http://link.aps.org/doi/10.1103/PhysRevB.81.134301}
}

@BOOK{berthier2006,
  title = {Microfluidics for Biotechnology},
  publisher = {Aretch House, Norwood, MA},
  year = {2006},
  author = {J. Berthier and P. Silberzan}
}

@ARTICLE{bhatia2004,
  author = {S. K. Bhatia and Owen Jepps and David Nicholson},
  title = {Tractable molecular theory of transport of {L}ennard-{J}ones fluids
	in nanopores},
  journal = {Journal of Chemical Physics},
  year = {2004},
  volume = {120},
  pages = {4472-4485}
}

@ARTICLE{bianco2005,
  author = {A. Bianco and K. Kostarelos and M. Prato},
  title = {Applications of carbon nanotubes in drug delivery},
  journal = {Current Opinion in Chemical Biology},
  year = {2005},
  volume = {9},
  pages = {674-679}
}

@ARTICLE{bies2000,
  author = {W. E. Bies and R. J. Radtke and H. Ehrenreich},
  title = {Phonon Dispersion Effects and the Thermal Conductivity Reduction
	in {G}a{A}s/{A}l{A}s Superlattices},
  journal = {Journal of Applied Physics},
  year = {2000},
  volume = {88},
  pages = {1498-1503}
}

@BOOK{bimberg1999,
  title = {Quantum Dot Heterostructures},
  publisher = {Wiley, Chicester},
  year = {1999},
  author = {D. Bimberg and M. Grundmann and N. N. Ledenstov}
}

@ARTICLE{bitnar2003,
  author = {B. Bitnar},
  title = {Silicon, germanium and silicon/germanium photocells for thermophotovoltaics
	applications},
  journal = {Semiconductor Science and Technology},
  year = {2003},
  volume = {18},
  pages = {S221-S227}
}

@ARTICLE{bitsanis1987,
  author = {I. Bitsanis and J. J. Magda and M. Tirrell and H. T. Davis},
  title = {Molecular dynamics of flow in micropores},
  journal = {Journal of Chemical Physics},
  year = {1987},
  volume = {87},
  pages = {1733-1750}
}

@ARTICLE{boccara1980,
  author = {A. C. Boccara and D. Fournier and J. Badoz},
  title = {Thermo-optical spectroscopy: Detection by the ''mirage effect''},
  journal = {Applied Physics Letters},
  year = {1980},
  volume = {36},
  pages = {130-132},
  number = {2},
  doi = {10.1063/1.91395},
  keywords = {SPECTROSCOPY; TEMPERATURE EFFECTS; OPTICS; MEDIUM TEMPERATURE; DATA;
	SURFACES; COMPARATIVE EVALUATIONS; ABSORPTIONS; GASES; LAYERS; IRRADIATION;
	VARIATIONS},
  publisher = {AIP},
  url = {http://link.aip.org/link/?APL/36/130/1}
}

@ARTICLE{bodapati2006,
  author = {A. Bodapati and P. Keblinski and P. K. Schelling and S. R. Phillpot},
  title = {Crossover in thermal transport mechanism in nanocrystalline silicon},
  journal = {Applied Physics Letters},
  year = {2006},
  volume = {88},
  pages = {141908}
}

@ARTICLE{bodapati2006b,
  author = {A. Bodapati and P. K. Schelling and S. R. Phillpot and P. Keblinski},
  title = {Vibrations and thermal transport in nanocrystalline silicon},
  journal = {Physical Review B},
  year = {2006},
  volume = {74},
  pages = {245207}
}

@ARTICLE{bongiorno2004,
  author = {A. Bongiorno and A. Pasquarello},
  title = {Atomistic model structure of the {S}i(100)ï¿½-{S}i{O}$_2$ interface
	from a synthesis of experimental data},
  journal = {Applied Surface Science},
  year = {2004},
  volume = {234},
  pages = {190-196}
}

@ARTICLE{bongiorno2003,
  author = {A. Bongiorno and A. Pasquarello},
  title = {Atomistic structure of the {S}i(100)ï¿½-{S}i{O}$_2$ interface: A synthesis
	of experimental data},
  journal = {Applied Physics Letters},
  year = {2003},
  volume = {83},
  pages = {1417-1419}
}

@ARTICLE{bongiorno2006,
  author = {A. Bongiorno and A. Pasquarello and M. S. Hybersten and L. C. Feldman},
  title = {Ion scattering simulations of the {S}i(100)--{S}i{O}$_2$ interface},
  journal = {Physical Review B},
  year = {2006},
  volume = {74},
  pages = {075316}
}

@ARTICLE{bongiorno2003b,
  author = {A. Bongiorno and A. Pasquarello and M. S. Hybersten and L. C. Feldman},
  title = {Transition Structure at the {S}i(100)--{S}i{O}$_2$ Interface},
  journal = {Physical Review Letters},
  year = {2003},
  volume = {90},
  pages = {186101}
}

@BOOKLET{blt,
  title = {Booklet title},
  author = {A. Booklet},
  howpublished = {On the WWW},
  address = {at \verb+http://www.abc.edu+},
  month = {May},
  year = {1994},
  note = {PDF file}
}

@ARTICLE{borca2000,
  author = {T. Borca-Tasciuc and W. Liu and J. Liu and T. Zeng and D. W. Song
	and C. D. Moore and G. Chen and K. L. Wang and M. S. Goorsky and
	T. Radetic and R. Gronsky and T. Koga and M. S. Dresselhaus},
  title = {Thermal conductivity of symmetrically strained {S}i/{G}e superlattices},
  journal = {Superlattices and Microstructures },
  year = {2000},
  volume = {28},
  pages = {199-206}
}

@ARTICLE{borca2002,
  author = {T. Borca-Tasciuc and D. W. Song and J. R. Meyer and I. Vurgaftman
	and M.-J. Yang and B. Z. Nosho and L. J. Whitman and H. Lee and R.
	U. Martinelli and G. W. Turner and M. J. Manfra and G. Chen},
  title = {Thermal Conductivity of {A}l{A}s$_{0.07}${S}b$_{0.93}$ and {A}l$_{0.9}${G}a$_{0.1}${A}s$_{0.07}${S}b$_{0.93}$
	Alloys and ({A}l{A}s)$_1$ / ({A}l{S}b)$_{11}$ Digital-Alloy Superlattices},
  journal = {Journal of Applied Physics},
  year = {2002},
  volume = {92},
  pages = {4994-4998}
}

@ARTICLE{bottner2006,
  author = {H. Bottner and G. Chen and R. Venkatasubramanian},
  title = {Aspects of Thin-Film Superlattice Thermoelectric Materials, Devices,
	and Applications},
  journal = {MRS Bulletin},
  year = {2006},
  volume = {31},
  pages = {211-217}
}

@ARTICLE{boukai2008,
  author = {A. I. Boukai and Y. Bunimovich and J. Tahi-Kheli and J.-K. Yu and
	W. A. G. Goddard and J. R. Heath},
  title = {Silicon nanowires as efficient thermoelectric materials},
  journal = {Nature},
  year = {2008},
  volume = {451},
  pages = {168-171}
}

@ARTICLE{bourlon2007,
  author = {B. Bourlon and J. Wong and C. Miko and L. Forro and M. Bockrath},
  title = {A nanoscale probe for fluidic and ionic transport},
  journal = {Nature Nanotechnology},
  year = {2007},
  volume = {2},
  pages = {104-107}
}

@ARTICLE{brenner2002b,
  author = {D. W. Brenner and O. A. Shenderova and D. A. Areshkina and J. D.
	Schall and S. J. V. Frankland },
  title = {Atomic modeling of carbon-based nanostructures as a tool for developing
	new materials and technologies},
  journal = {Computer Modeling in Engineering \& Sciences},
  year = {2002},
  volume = {3},
  pages = {643-673}
}

@ARTICLE{brenner2002,
  author = {D. W. Brenner and O. A. Shenderova and J. A. Harrison and S. J. Stuart
	and B. Ni and S. B. Sinnott },
  title = {A second-generation reactive empirical bond order ({REBO}) potential
	energy expression for hydrocarbons},
  journal = {Journal of Physics: Condensed Matter},
  year = {2002},
  volume = {14},
  pages = {783-802}
}

@ARTICLE{broido2007,
  author = {D. A. Broido and M. Maloney and G. Birner and N. Mingo and D. Stewart},
  title = {Intrinsic Lattice Thermal Conductivity of Semiconductors from First
	Principles},
  journal = {Applied Physics Letters},
  year = {2007},
  volume = {91},
  pages = {231922}
}

@ARTICLE{broido2004,
  author = {D. A. Broido and T. L. Reinecke},
  title = {Lattice Thermal Conductivity of Superlattice Structures},
  journal = {Physical Review B},
  year = {2004},
  volume = {70},
  pages = {081310(R)}
}

@ARTICLE{broido2005,
  author = {D. A. Broido and A. Ward and N. Mingo},
  title = {Lattice Thermal Conductivity of Silicon From Empirical Interatomic
	Potentials},
  journal = {Physical Review B},
  year = {2005},
  volume = {72},
  pages = {014308}
}

@BOOK{brozel1996,
  title = {Propeties of Gallium Arsenide (3rd Edition)},
  publisher = {Institute of Engineering and Technology},
  year = {1996},
  author = {M. R. Brozel and G. E. Stillman}
}

@ARTICLE{brugger1986,
  author = {H. Brugger and G. Abstreiter and H. Jorke and H. J. Herzog and E.
	Kasper},
  title = {Folded acoustic phonons in {S}i-{S}i$_x${G}e$_{1-x}$ superlattices},
  journal = {Physical Review B},
  year = {1986},
  volume = {33},
  pages = {5928-5930}
}

@ARTICLE{bruno2003,
  author = {E. Bruno and L. Zingales and Y. Wang,},
  title = {Charge distributions in metallic alloys: A charge-excess functional
	theory approach},
  journal = {Physical Review Letters},
  year = {2003},
  volume = {91},
  pages = {166401}
}

@ARTICLE{bryning2007,
  author = {M. B. Bryning and D. E. Milkie and M. F. Islam and L. A. Hough and
	J. M. Kikkawa and A. G. Yodh},
  title = {Carbon Nanotube Aerogels},
  journal = {Advanced Materials},
  year = {2007},
  volume = {19},
  pages = {661-664}
}

@ARTICLE{buffett2000,
  author = {B. A. Buffett},
  title = {Clathrate Hydrates},
  journal = {Annual Review of Earth and Planetary Sciences},
  year = {2000},
  volume = {28},
  pages = {477-507}
}

@ARTICLE{cahill1990,
  author = {D. G Cahill},
  title = {Thermal conductivity measurement from 30 to 750 {K}: the 3-$\omega$
	method},
  journal = {Review of Scientific Instruments},
  year = {1990},
  volume = {61},
  pages = {802-808}
}

@ARTICLE{Cahill1990,
  author = {David G. Cahill},
  title = {Thermal conductivity measurement from 30 to 750 K: the 3 omega method},
  journal = {Review of Scientific Instruments},
  year = {1990},
  volume = {61},
  pages = {802-808},
  number = {2},
  doi = {10.1063/1.1141498},
  keywords = {THERMAL CONDUCTIVITY; VERY LOW TEMPERATURE; LOW TEMPERATURE; SILICA;
	PYREX; MEASURING METHODS; MATHEMATICAL MODELS; BLACKBODY RADIATION;
	HEAT LOSSES},
  publisher = {AIP},
  url = {http://link.aip.org/link/?RSI/61/802/1}
}

@ARTICLE{cahill1989,
  author = {D. G. Cahill and H. E. Fischer and T. Klitsner and E. T. Swartz and
	R. O. Pohl},
  title = {Thermal conductivity of thin films: {M}easurements and understanding},
  journal = {Journal of Vaccuum Science and Technology A},
  year = {1989},
  volume = {7},
  pages = {1259-1266}
}

@ARTICLE{cahill2003,
  author = {D. G. Cahill and W. K. Ford and K. E. Goodson and G. D. Mahan and
	A. Majumdar and H. J. Maris and R. Merlin and S. R. Phillpot},
  title = {Nanoscale Thermal Transport},
  journal = {Journal of Applied Physics},
  year = {2003},
  volume = {93},
  pages = {793-818}
}

@ARTICLE{cahill2002,
  author = {D. G. Cahill and K. E. Goodson and A. Majumdar},
  title = {Thermometry and thermal transport in micro/nanoscale solid--state
	devices and structures},
  journal = {Journal of Heat Transfer},
  year = {2002},
  volume = {124},
  pages = {223-241}
}

@ARTICLE{cahill1994,
  author = {D. G Cahill and M. Katiyar and J. R. Abelson},
  title = {Thermal conductivity of $\alpha$-{S}i:{H} thin films},
  journal = {Physical Review B},
  year = {1994},
  volume = {50},
  pages = {6077-6081}
}

@ARTICLE{cahill1987,
  author = {David G. Cahill and R. O. Pohl},
  title = {Thermal conductivity of amorphous solids above the plateau},
  journal = {Physical Review B},
  year = {1987},
  volume = {35},
  pages = {4067ï¿½4073}
}

@ARTICLE{PhysRevB.71.235202,
  author = {Cahill, David G. and Watanabe, Fumiya and Rockett, Angus and Vining,
	Cronin B.},
  title = {Thermal conductivity of epitaxial layers of dilute SiGe alloys},
  journal = {Phys. Rev. B},
  year = {2005},
  volume = {71},
  pages = {235202},
  month = {Jun},
  doi = {10.1103/PhysRevB.71.235202},
  issue = {23},
  numpages = {4},
  publisher = {American Physical Society},
  url = {http://link.aps.org/doi/10.1103/PhysRevB.71.235202}
}

@ARTICLE{cahill1992,
  author = {D. G. Cahill and S. K. Watson and R. O. Pohl},
  title = {Lower Limit to Thermal Conductivity of Disordered Crystals},
  journal = {Physical Review B},
  year = {1992},
  volume = {46},
  pages = {6131-6140}
}

@ARTICLE{PhysRevB.46.6131,
  author = {Cahill, David G. and Watson, S. K. and Pohl, R. O.},
  title = {Lower limit to the thermal conductivity of disordered crystals},
  journal = {Phys. Rev. B},
  year = {1992},
  volume = {46},
  pages = {6131--6140},
  month = {Sep},
  doi = {10.1103/PhysRevB.46.6131},
  issue = {10},
  publisher = {American Physical Society},
  url = {http://link.aps.org/doi/10.1103/PhysRevB.46.6131}
}

@ARTICLE{callaway1959,
  author = {J. Callaway},
  title = {Model for lattice thermal conductivity at low temperatures},
  journal = {Physical Review},
  year = {1959},
  volume = {113},
  pages = {1046}
}

@ARTICLE{cao1994a,
  author = {Jianshu Cao and Gregory A. Voth},
  title = {The formulation of quantum statistical mechanics based on the Feynman
	path centroid density. I. Equilibrium properties},
  journal = {The Journal of Chemical Physics},
  year = {1994},
  volume = {100},
  pages = {5093-5105},
  number = {7},
  doi = {10.1063/1.467175},
  keywords = {QUANTUM STATISTICAL MECHANICS; FEYNMAN PATH INTEGRAL; EQUILIBRIUM;
	ENSEMBLE; RENORMALIZATION; PERTURBATION THEORY},
  publisher = {AIP},
  url = {http://link.aip.org/link/?JCP/100/5093/1}
}

@ARTICLE{cao1994b,
  author = {Jianshu Cao and Gregory A. Voth},
  title = {The formulation of quantum statistical mechanics based on the Feynman
	path centroid density. II. Dynamical properties},
  journal = {The Journal of Chemical Physics},
  year = {1994},
  volume = {100},
  pages = {5106-5117},
  number = {7},
  doi = {10.1063/1.467176},
  keywords = {QUANTUM STATISTICAL MECHANICS; FEYNMAN PATH INTEGRAL; EQUILIBRIUM;
	CORRELATION FUNCTIONS; ENSEMBLE},
  publisher = {AIP},
  url = {http://link.aip.org/link/?JCP/100/5106/1}
}

@ARTICLE{capinski1999,
  author = {W. S. Capinski and H. J. Maris and T. Ruf and M. Cardona and K. Ploog
	and D. S. Katzer},
  title = {Thermal-conductivity measurements of {G}a{A}s/{A}l{A}s superlattices
	using a picosecond optical pump-and-probe technique},
  journal = {Physical Review B},
  year = {1999},
  volume = {59},
  pages = {8105-8113}
}

@ARTICLE{car1985,
  author = {Car, R. and Parrinello, M. },
  title = {Unified Approach for Molecular Dynamics and Density-Functional Theory},
  journal = {Phys. Rev. Lett.},
  year = {1985},
  volume = {55},
  pages = {2471--2474},
  number = {22},
  month = {Nov},
  doi = {10.1103/PhysRevLett.55.2471},
  numpages = {3},
  publisher = {American Physical Society}
}

@ARTICLE{caylor2005,
  author = {J. C. Caylor and K. Coonley and J. Stuart and T. Colpitts and R.
	Venkatasubramanian},
  title = {Enhanced thermoelectric performance in {P}b{T}e-based superlattice
	structures from reduction of lattice thermal conductivity},
  journal = {Applied Physics Letters},
  year = {2005},
  volume = {87},
  pages = {023105}
}

@ARTICLE{chakraborty2003,
  author = {S. Chakraborty and C. A. Kleint and A. Heinrich and C. M. Schneider
	and J. Schumann and M. Falke and S. Teichert},
  title = {Thermal conductivity in strain symmetrized {Si/Ge} superlattices
	on {S}i(111)},
  journal = {Applied Physics Letters},
  year = {2003},
  volume = {83},
  pages = {4184-4186}
}

@ARTICLE{chang2006,
  author = {Chang, C. W. and Okawa, D. and Majumdar, A. and Zettl, A.},
  title = {{Solid-State Thermal Rectifier}},
  journal = {Science},
  year = {2006},
  volume = {314},
  pages = {1121-1124},
  number = {5802},
  abstract = {We demonstrated nanoscale solid-state thermal rectification. High-thermal-conductivity
	carbon and boron nitride nanotubes were mass-loaded externally and
	inhomogeneously with heavy molecules. The resulting nanoscale system
	yields asymmetric axial thermal conductance with greater heat flow
	in the direction of decreasing mass density. The effect cannot be
	explained by ordinary perturbative wave theories, and instead we
	suggest that solitons may be responsible for the phenomenon. Considering
	the important role of electrical rectifiers (diodes) in electronics,
	thermal rectifiers have substantial implications for diverse thermal
	management problems, ranging from nanoscale calorimeters to microelectronic
	processors to macroscopic refrigerators and energy-saving buildings.},
  doi = {10.1126/science.1132898},
  eprint = {http://www.sciencemag.org/cgi/reprint/314/5802/1121.pdf},
  url = {http://www.sciencemag.org/cgi/content/abstract/314/5802/1121}
}

@ARTICLE{chantrenne2004,
  author = {P. Chantrenne and J.-L. Barrat},
  journal = {Journal of Heat Transfer},
  year = {2004},
  volume = {126},
  pages = {577-585}
}

@ARTICLE{chaput2005,
  author = {L. Chaput and P. Pï¿½cheur and J. Tobola and H. Scherrer},
  title = {Transport in doped skutterudites: {\em Ab initio} electronic structure
	calculations},
  journal = {Physical Review B},
  year = {2005},
  volume = {72},
  pages = {685126}
}

@ARTICLE{charlier2007,
  author = {J.-C. Charlier and X. Blase and S. Roche},
  title = {Electronic and transport properties of nanotubes},
  journal = {Review of Modern Physics},
  year = {2007},
  volume = {79},
  pages = {677-732}
}

@ARTICLE{Che2000,
  author = {J. Che and T. Cagin and W. Deng and {W. A. Goddard III}},
  title = {Thermal conductivity of diamond and related materials from molecular
	dynamics simulations},
  journal = {Journal of Chemical Physics},
  year = {2000},
  volume = {113},
  pages = {6888-6900}
}

@ARTICLE{che2000,
  author = {J. Che and T. Cagin and W. A. {Goddard III}},
  title = {Thermal Conductivity of Carbon Nanotubes},
  journal = {Nanotechnology},
  year = {2000},
  volume = {11},
  pages = {65-69}
}

@BOOK{chen2005b,
  title = {Nanoscale Energy Transfer and Conversion},
  publisher = {Oxford University Press, USA},
  year = {2005},
  author = {G. Chen}
}

@ARTICLE{chen2003b,
  author = {Gang Chen},
  title = {Diffusion--transmission interface condition for electron and phonon
	transport},
  journal = {Applied Physics Letters},
  year = {2003},
  volume = {82},
  pages = {991-993},
  number = {6},
  doi = {10.1063/1.1543239},
  keywords = {interface phenomena; electrical conductivity; interface phonons; thermionic
	electron emission},
  publisher = {AIP},
  url = {http://link.aip.org/link/?APL/82/991/1}
}

@ARTICLE{chen2001,
  author = {G. Chen},
  title = {Engineering Thermophysical Properties of Micro- and Nanostructures},
  journal = {International Journal of Thermal Sciences},
  year = {2001},
  volume = {40},
  pages = {693-701}
}

@ARTICLE{chen1998,
  author = {G. Chen},
  title = {Thermal conductivity and ballistic-phonon transport in the cross-plane
	direction of superlattices},
  journal = {Physical Review B},
  year = {1998},
  volume = {57},
  pages = {14958-14973}
}

@ARTICLE{Chen_Dresselhaus_Dresselhaus_Fleurial_Caillat_2003,
  author = {Chen, G and Dresselhaus, M S and Dresselhaus, G and Fleurial, J and
	Caillat, T},
  title = {Recent developments in thermoelectric materials},
  journal = {International Materials Reviews},
  year = {2003},
  volume = {48},
  pages = {45--66},
  number = {1},
  publisher = {Maney Publishing},
  url = {http://www.ingentaselect.com/rpsv/cgi-bin/cgi?ini=xref&body=linker&reqdoi=10.1179/095066003225010182}
}

@ARTICLE{chen2003,
  author = {G. Chen and M. S. Dresselhaus and G. Dresselhaus and J.-P Fleurial
	and T. Caillat},
  title = {Recent Developments in Thermoelectric Materials},
  journal = {International Materials Reviews},
  year = {2003},
  volume = {48},
  pages = {45-66}
}

@ARTICLE{chen:1864,
  author = {L. D. Chen and T. Kawahara and X. F. Tang and T. Goto and T. Hirai
	and J. S. Dyck and W. Chen and C. Uher},
  title = {Anomalous barium filling fraction and n-type thermoelectric performance
	of Ba[sub y]Co[sub 4]Sb[sub 12]},
  journal = {Journal of Applied Physics},
  year = {2001},
  volume = {90},
  pages = {1864-1868},
  number = {4},
  doi = {10.1063/1.1388162},
  keywords = {barium alloys; cobalt alloys; antimony alloys; thermoelectric power;
	crystal structure; magnetic susceptibility; paramagnetic materials;
	mixed valence compounds; thermal conductivity; semiconductor materials;
	magnetic moments},
  publisher = {AIP},
  url = {http://link.aip.org/link/?JAP/90/1864/1}
}

@ARTICLE{chen2005,
  author = {Y. Chen and D. Li and J. R. Lukes and Z. Ni and M. Chen},
  title = {Minimum Superlattice Thermal Conductivity from Molecular Dynamics},
  journal = {Physical Review B},
  year = {2005},
  volume = {72},
  pages = {174302}
}

@ARTICLE{chen2004,
  author = {Y. Chen and D. Li and J. Yang and Y. Wu and J. R. Lukes and A. Majumdar},
  title = {Molecular Dynamics Study of the Lattice Thermal Conductivity of Kr/Ar
	Superlattice Nanowires},
  journal = {Physica B},
  year = {2004},
  volume = {349},
  pages = {270-280}
}

@ARTICLE{Chen2004,
  author = {Y. Chen and D. Li and J. Yang and Y. Wu and J. R. Lukes and A. Majumdar},
  title = {Molecular Dynamics Study of the Lattice Thermal Conductivity of {K}r/{A}r
	Superlattice Nanowires},
  journal = {Physica B},
  year = {2004},
  volume = {349},
  pages = {270-280}
}

@ARTICLE{chien2008,
  author = {Heng-Chieh Chien and Da-Jeng Yao and Mei-Jiau Huang and Tien-Yao
	Chang},
  title = {Thermal conductivity measurement and interface thermal resistance
	estimation using SiO[sub 2] thin film},
  journal = {Review of Scientific Instruments},
  year = {2008},
  volume = {79},
  pages = {054902},
  number = {5},
  eid = {054902},
  doi = {10.1063/1.2927253},
  keywords = {chromium; dielectric thin films; elemental semiconductors; metal-insulator
	boundaries; semiconductor-metal boundaries; silicon; silicon compounds;
	thermal conductivity; thermal conductivity measurement; thin film
	devices},
  numpages = {7},
  publisher = {AIP},
  url = {http://link.aip.org/link/?RSI/79/054902/1}
}

@ARTICLE{chisholm2001,
  author = {E. D. Chisolm and D. C. Wallace},
  title = {Dynamics of monatomic liquids},
  journal = {Journal of Physics: Condensed Matter},
  year = {2001},
  volume = {13},
  pages = {R739-R769}
}

@ARTICLE{choi2008,
  author = {{T.-H.} Choi and K. D. Jordan },
  title = { Analytical Gradients for Geometry Optimizations of ({H}$_2${O})$_n^-$
	Clusters as Described by the {PM1} Polarizable Model},
  journal = {Chemical Physical Letters},
  year = {2008},
  volume = {464},
  pages = {139-143}
}

@ARTICLE{choi2006,
  author = {T.-Y. Choi and D. Poulikakos and J. Tharian and U. Sennhauser},
  title = {Measurement of the Thermal Conductivity of Individual Carbon Nanotubes
	by the Four-Point Three-$\omega$ Method},
  journal = {Nanoletters},
  year = {2006},
  volume = {6},
  pages = {1589-1593}
}

@ARTICLE{doi:10.1021/ja063695y,
  author = {Christensen, Mogens and Lock, Nina and Overgaard, Jacob and Iversen,
	Bo B.},
  title = {Crystal Structures of Thermoelectric n- and p-type Ba8Ga16Ge30 Studied
	by Single Crystal, Multitemperature, Neutron Diffraction, Conventional
	X-ray Diffraction and Resonant Synchrotron X-ray Diffraction},
  journal = {Journal of the American Chemical Society},
  year = {2006},
  volume = {128},
  pages = {15657-15665},
  number = {49},
  doi = {10.1021/ja063695y},
  eprint = {http://pubs.acs.org/doi/pdf/10.1021/ja063695y},
  url = {http://pubs.acs.org/doi/abs/10.1021/ja063695y}
}

@INCOLLECTION{christie2005,
  author = {R. A. Christie and K. D. Jordan},
  title = {Monte Carlo Simulations of the Finite Temperature Properties of ({H}$_2${O})$_6$},
  booktitle = {Theory and Applications of Computational Chemistry: The First 40
	Years},
  publisher = {Elsevier},
  year = {2005},
  editor = {C. E. Dykstra and G. Frenking and K. S. Kim and G. Scuseria},
  pages = {995-1006}
}

@INCOLLECTION{christie2005b,
  author = {R. A. Christie and K. D. Jordan},
  title = {n-Body Decomposition Approach to the Calculation of Interaction Energies
	of Water Clusters},
  booktitle = {Structure and Bonding: Intermolecular Forces and Clusters},
  publisher = {Elsevier},
  year = {2005},
  editor = {D. Wales},
  volume = {116},
  pages = {27-42}
}

@ARTICLE{chubin2005,
  author = {D. E. Chubin and G. S. May and E. L. Babco},
  title = {Diversifying the Engineering Workforce},
  journal = {Journal of Engineering Education},
  year = {2005},
  volume = {94},
  pages = {73-86}
}

@ARTICLE{chung2004,
  author = {J. D. Chung and A. J. H. McGaughey and M. Kaviany},
  title = {Role of phonon dispersion in lattice thermal conductivity analysis},
  journal = {Journal of Heat Transfer},
  year = {2004},
  volume = {126},
  pages = {376-380}
}

@ARTICLE{ciraci1988,
  author = {S. Ciraci and I. P. Batra},
  title = {Strained {S}i/{G}e superlattices: Structural stability, growth, and
	electronic properties},
  journal = {Physical Review B},
  year = {1988},
  volume = {38},
  pages = {1835-1848}
}

@ARTICLE{clarke2005,
  author = {D. R. Clarke and S. R. Phillpot},
  title = {Thermal barrier coating materials},
  journal = {Materials Today},
  year = {2005},
  volume = {June},
  pages = {22-29}
}

@ARTICLE{clarkson2005,
  author = {J. R. Clarkson and E. Baquero and V. A. Shubert and T. S. Zwier and
	E. M. Myshakin and and K. D. Jordan},
  title = {Laser-Driven Shuttling of a Water Molecule between {H}-bonding sites
	on a Solute},
  journal = {Science},
  year = {2005},
  volume = {307},
  pages = {1443-1446}
}

@ARTICLE{Clarkson2005,
  author = {J. R. Clarkson and E. Baquero and V. A. Shubert and T. S. Zwier and
	E. M. Myshakin and K. D. Jordan},
  title = {Laser-Initiated Shuttling of a Water Molecule between {H}-bonding
	Sites},
  journal = {Science},
  year = {2005},
  volume = {307},
  pages = {1443-1446}
}

@ARTICLE{PhysRevLett.82.779,
  author = {Cohn, J. L. and Nolas, G. S. and Fessatidis, V. and Metcalf, T. H.
	and Slack, G. A.},
  title = {Glasslike Heat Conduction in High-Mobility Crystalline Semiconductors},
  journal = {Phys. Rev. Lett.},
  year = {1999},
  volume = {82},
  pages = {779--782},
  month = {Jan},
  doi = {10.1103/PhysRevLett.82.779},
  issue = {4},
  publisher = {American Physical Society},
  url = {http://link.aps.org/doi/10.1103/PhysRevLett.82.779}
}

@ARTICLE{collins2000,
  author = {P. G. Collins and K. Bradley and M. Ishigami and A. Zett},
  title = {Extreme Oxygen Sensitivity of Electronic Properties of Carbon Nanotubes},
  journal = {Science},
  year = {2000},
  volume = {287},
  pages = {1801-1804}
}

@ARTICLE{cook1983,
  author = {J. G. Cook and D. G. Leaist},
  title = {An exploratory study of the thermal conductivity of methane hydrate},
  journal = {Geophysical Research Letters},
  year = {1983},
  volume = {10},
  pages = {397-399}
}

@ARTICLE{corry2008,
  author = {B. Corry},
  title = {Designing Carbon Nanotube Membranes for Efficient Water Desalination},
  journal = {Journal of Physical Chemistry B},
  year = {2008},
  volume = {112},
  pages = {1427-1434}
}

@ARTICLE{costescu2004,
  author = {R. M. Costescu and D. G. Cahill and F. H. Fabreguette and Z. A. Sechrist
	and S. M. George},
  title = {Ultra-Low Thermal Conductivity in {W}/{A}l$_2${O}$_3$ Nanolaminates},
  journal = {Science},
  year = {2004},
  volume = {303},
  pages = {989-990}
}

@ARTICLE{costescu2003,
  author = {R. M. Costescu and M. A. Wall and D. G. Cahill},
  title = {Thermal conductance of epitaxial interfaces},
  journal = {Physical Review B},
  year = {2003},
  volume = {67},
  pages = {054302}
}

@ARTICLE{cottin2003,
  author = {C. Cottin-Bizonne and J.-L. Barrat and L. Bocquet and E. Charlaix},
  title = {Low-friction flows of liquid at nanopatterned interfaces},
  journal = {Nature Materials},
  year = {2003},
  volume = {2},
  pages = {237-240}
}

@ARTICLE{cui2006,
  author = {J. Cui and H. Liu and K. D. Jordan},
  title = {Theoretical Characterization of the ({H}$_2${O})$_{21}$ Cluster:
	Application of an n-body Decomposition Procedure},
  journal = {Journal of Physical Chemistry B},
  year = {2006},
  volume = {110},
  pages = {18872-18878}
}

@ARTICLE{cummings2004,
  author = {A. Cummings and Mohamed Osman and D. Srivastava and M. Menon},
  title = {Thermal conductivity of {Y}-junction carbon nanotubes},
  journal = {Physical Review B},
  year = {2004},
  volume = {70},
  pages = {115405}
}

@ARTICLE{czaplewski,
  author = {D. A. Czaplewski and J. Kameoka and R. Mathers and G. W. Coates and
	H. G. Craighead},
  title = {Nanofluidic channels with elliptical cross sections formed using
	a nonlithographic process},
  journal = {Applied Physics Letters},
  year = {2003},
  volume = {83},
  pages = {4836-4838}
}

@ARTICLE{daly2002,
  author = {B. C. Daly and H. J. Maris and K. Imamura and S. Tamura},
  title = {Molecular Dynamics Calculation of the Thermal Conductivity of Superlattices},
  journal = {Physical Review B},
  year = {2002},
  volume = {66},
  pages = {024301}
}

@ARTICLE{daly2003,
  author = {B. C. Daly and H. J. Maris and Y. Tanaka and S. Tamura},
  title = {Molecular Dynamics Calculation of the In-plane Thermal Conductivity
	of {G}a{A}s/{A}l{A}s Superlattices},
  journal = {Physical Review B},
  year = {2003},
  volume = {67},
  pages = {033308}
}

@ARTICLE{dames2009,
  author = {C. Dames},
  title = {Solid-State Thermal Rectification With Existing Bulk Materials},
  journal = {Journal of Heat Transfer},
  year = {2009},
  volume = {131},
  pages = {061301},
  number = {6},
  eid = {061301},
  doi = {10.1115/1.3089552},
  keywords = {Fourier analysis; integral equations; perturbation theory; rectification;
	solid-state rectifiers; thermal conductivity; thermal resistance},
  numpages = {7},
  publisher = {ASME},
  url = {http://link.aip.org/link/?JHR/131/061301/1}
}

@ARTICLE{dames2004,
  author = {C. Dames and G. Chen},
  title = {Theoretical Phonon Thermal Conductivity of {S}i/{G}e Superlattice
	Nanowires},
  journal = {Journal of Applied Physics},
  year = {2004},
  volume = {95},
  pages = {682-693}
}

@ARTICLE{debernardi2000,
  author = {A. Debernardi},
  title = {Anharmonic effects in the phonons of {IIIï¿½V} semiconductors: {F}irst
	principles calculations},
  journal = {Solid State Communications},
  year = {2000},
  volume = {113},
  pages = {1-10}
}

@ARTICLE{defusco2007b,
  author = {A. DeFusco and D. P. Schofield and K. D. Jordan},
  title = {Comparison of Models with Distributed Polarizable Sites for Describing
	Water Clusters},
  journal = {Molecular Physics},
  year = {2007},
  volume = {105},
  pages = {2681-2696}
}

@ARTICLE{deinzer2003,
  author = {D. Deinzer and G. Birner and D. Strauch},
  title = {Ab initio calculation of the linewidth of various phonon modes in
	germanium and silicon},
  journal = {Physical Review B},
  year = {2003},
  volume = {67},
  pages = {144304}
}

@ARTICLE{diken2005,
  author = {E. Diken and M. A. Johnson and R. A. Christie and K. D. Jordan},
  title = {Mid-Infrared Characterization of the {NH}$_4^+$({H}$_2${O})$_n$ Magic
	Number Cluster},
  journal = {Journal of Chemical Physics},
  year = {2005},
  volume = {123},
  pages = {164309-1-7}
}

@ARTICLE{ding1986,
  author = {K. Ding and H. C. Andersen},
  title = {Molecular-dynamics simulation of amorphous germanium},
  journal = {Physical Review B},
  year = {1986},
  volume = {34},
  pages = {6987-6991}
}

@ARTICLE{diri2005,
  author = {K. Diri and E. M. Myshakin and K. D. Jordan},
  title = {On the Contribution of Vibrational Anharmonicity to the Binding Energies
	of Water Clusters},
  journal = {Journal of Physical Chemistry A},
  year = {2005},
  volume = {109},
  pages = {4005-4009}
}

@ARTICLE{donadio2009,
  author = {Donadio, Davide and Galli, Giulia },
  title = {Atomistic Simulations of Heat Transport in Silicon Nanowires},
  journal = {Phys. Rev. Lett.},
  year = {2009},
  volume = {102},
  pages = {195901},
  number = {19},
  month = {May},
  doi = {10.1103/PhysRevLett.102.195901},
  numpages = {4},
  publisher = {American Physical Society}
}

@ARTICLE{dong2004,
  author = {Y. Dong and R. M. Feenstra and M. P. Semtsiv and W. T. Masselink},
  title = {Cross-sectional scanning tunneling microscopy and spectroscopy of
	{I}n{G}a{P}/{G}a{A}s heterojunctions},
  journal = {Applied Physics Letters},
  year = {2004},
  volume = {84},
  pages = {227-229}
}

@ARTICLE{donnelly2002,
  author = {S. E. Donnelly and R. C. Birtcher and C. W. Allen and I. Morrison
	and K. Furuya and M. Song and K. Mitsuishi and U. Dahmen},
  title = {Ordering in a Fluid Inert Gas Confined by Flat Surfaces},
  journal = {Science},
  year = {2002},
  volume = {296},
  pages = {507-510}
}

@ARTICLE{Donnelly2002,
  author = {S. E. Donnelly and R. C. Birtcher and C. W. Allen and I. Morrison
	and K. Furuya and M. Song and K. Mitsuishi and U. Dahmen},
  title = {Ordering in a Fluid Inert Gas Confined by Flat Surfaces},
  journal = {Science},
  year = {2002},
  volume = {296},
  pages = {507-510}
}

@BOOK{dove1993,
  title = {Introduction to Lattice Dynamics},
  publisher = {Cambridge, Cambridge},
  year = {1993},
  author = {M. T. Dove}
}

@ARTICLE{dreiner2004,
  author = {S. Dreiner and M. Schurmann and C. Westphal},
  title = {Structural Analysis of the {S}i{O}$_2$--{S}i(100) Interface by Means
	of Photoelectron Diffraction},
  journal = {Physical Review Letters},
  year = {2004},
  volume = {93},
  pages = {126101}
}

@ARTICLE{ADMA:ADMA200600527,
  author = {Dresselhaus, M.S. and Chen, G. and Tang, M.Y. and Yang, R.G. and
	Lee, H. and Wang, D.Z. and Ren, Z.F. and Fleurial, J.P. and Gogna,
	P.},
  title = {New Directions for Low-Dimensional Thermoelectric Materials},
  journal = {Advanced Materials},
  year = {2007},
  volume = {19},
  pages = {1043--1053},
  number = {8},
  doi = {10.1002/adma.200600527},
  issn = {1521-4095},
  keywords = {Nanocomposites, Nanostructured materials, Quantum wells, Quantum-confinement
	effects, Thermoelectric materials},
  publisher = {WILEY-VCH Verlag},
  url = {http://dx.doi.org/10.1002/adma.200600527}
}

@ARTICLE{Dresselhaus2007,
  author = {Dresselhaus, M.S. and Chen, G. and Tang, M.Y. and Yang, R.G. and
	Lee, H. and Wang, D.Z. and Ren, Z.F. and Fleurial, J.P. and Gogna,
	P.},
  title = {New Directions for Low-Dimensional Thermoelectric Materials},
  journal = {Advanced Materials},
  year = {2007},
  volume = {19},
  pages = {1043--1053},
  number = {8},
  doi = {10.1002/adma.200600527},
  issn = {1521-4095},
  keywords = {Nanocomposites, Nanostructured materials, Quantum wells, Quantum-confinement
	effects, Thermoelectric materials},
  publisher = {WILEY-VCH Verlag},
  url = {http://dx.doi.org/10.1002/adma.200600527}
}

@ARTICLE{dresselhaus2004,
  author = {M.S. Dresselhaus and G. Dresselhaus and A. Jorio},
  title = {Unusual properties and structure of carbon nanotubes},
  journal = {Annual Review of Materials Research},
  year = {2004},
  volume = {34},
  pages = {247-278}
}

@ARTICLE{drucker2002,
  author = {J. Drucker},
  title = {Self-assembling {G}e({S}i)/{S}i(100) quantum dots},
  journal = {IEEE Journal of Quantum Electronics},
  volume = {38},
  pages = {975-987}
}

@BOOK{dyer1988,
  title = {An Introduction to Zeolite Molecular Sieves},
  publisher = {Wiley, Chichester},
  year = {1988},
  author = {A. Dyer}
}

@BOOK{Dyer1988,
  title = {An Introduction to Zeolite Molecular Sieves},
  publisher = {Wiley, Chichester},
  year = {1988},
  author = {A. Dyer}
}

@ARTICLE{eastman2004,
  author = {J. A. Eastman and S. R. Phillpot and S. U. S Choi and P. Keblinski},
  title = {Thermal transport in nanofluids},
  journal = {Annual Review of Materials Research},
  year = {2004},
  volume = {34},
  pages = {219-246}
}

@ARTICLE{Eddaoudi2001,
  author = {Eddaoudi, Mohamed and Moler, David B. and Li, Hailian and Chen, Banglin
	and Reineke, Theresa M. and O'Keeffe, Michael and Yaghi, Omar M.},
  title = {Modular Chemistry: Secondary Building Units as a Basis for the Design
	of Highly Porous and Robust Metal-Organic Carboxylate Frameworks},
  journal = {Accounts of Chemical Research},
  year = {2001},
  volume = {34},
  pages = {319-330},
  number = {4},
  note = {PMID: 11308306},
  doi = {10.1021/ar000034b},
  eprint = {http://pubs.acs.org/doi/pdf/10.1021/ar000034b},
  url = {http://pubs.acs.org/doi/abs/10.1021/ar000034b}
}

@ARTICLE{eigler1990,
  author = {D. M. Eigler and E. K. Schweizer},
  title = {Positioning Single Atoms With a Scanning Tunneling Microscope},
  journal = {Nature},
  year = {1990},
  volume = {344},
  pages = {524-526}
}

@ARTICLE{eijkel2007,
  author = {J. Eijkel},
  title = {Liquid slip in micro- and nanofludics: recent research and its possible
	implications},
  journal = {Lab on a Chip},
  year = {2007},
  volume = {7},
  pages = {299-301}
}

@ARTICLE{eijkel2005,
  author = {J. C. T. Eijkel and A. van den Berg},
  title = {Nanofluidics: what is it and what can we expect from it?},
  journal = {Microfluidics and Nanofluidics},
  year = {2005},
  volume = {1},
  pages = {249-267}
}

@ARTICLE{einstein1911,
  author = {A. Einstein},
  title = {Elementare betrachtungen uber die thermische molekularbewegung in
	festen korper},
  journal = {Annalen der Physik},
  year = {1911},
  volume = {35},
  pages = {679-694}
}

@INPROCEEDINGS{elgort2007,
  author = {I. Elgort},
  title = {Using wikis as a learning tool in higher education},
  booktitle = {Proceedings of Ascilite 2007},
  year = {2007},
  organization = {Ascilite},
  note = {233-238}
}

@ARTICLE{elkurdi2002,
  author = {M. Elkurdi and P. Boucaud and S. Sauvage and O. Kermarrec and Y.
	Campidelli and D. Bensahel and G. Saint-Girons and I.Sagnes},
  title = {Near-infrared waveguide photodetector with Ge/Si self-assembled quantum
	dots},
  journal = {Applied Physics Letters},
  year = {2002},
  volume = {80},
  pages = {509-511}
}

@ARTICLE{Elkurdi2002,
  author = {M. Elkurdi and P. Boucaud and S. Sauvage and O. Kermarrec and Y.
	Campidelli and D. Bensahel and G. Saint-Girons and I. Sagnes},
  title = {Near-infrared waveguide photodetector with {G}e/{S}i self-assembled
	quantum dots},
  journal = {Applied Physics Letters},
  year = {2002},
  volume = {80},
  pages = {509-511}
}

@ARTICLE{english2009,
  author = {English, Niall J. and Tse, John S. and Carey, Declan J.},
  title = {Mechanisms for thermal conduction in various polymorphs of methane
	hydrate},
  journal = {Phys. Rev. B},
  year = {2009},
  volume = {80},
  pages = {134306},
  number = {13},
  month = {Oct},
  doi = {10.1103/PhysRevB.80.134306},
  numpages = {16},
  publisher = {American Physical Society}
}

@ARTICLE{escobar2006,
  author = {R. A. Escobar and S. S. Ghai and M. S. Jhon and C. H. Amon},
  title = {Multi-length and time scale thermal transport using the lattice {B}oltzmann
	method with applications to electronics cooling},
  journal = {International Journal of Heat and Mass Transfer},
  year = {2006},
  volume = {49},
  pages = {97-107}
}

@ARTICLE{esfarjani2011,
  author = {K. Esfarjani and G. Chen and H. T. Stokes},
  title = {Heat transport in silicon from first-principles calculations},
  journal = {Physical Review B},
  year = {2011},
  volume = {84},
  pages = {085204}
}

@ARTICLE{esfarjani2008,
  author = {K. Esfarjani and H. T. Stokes},
  title = {Method to extract anharmonic force constants from first principles
	calculations},
  journal = {Physical Review B},
  year = {2008},
  volume = {77},
  pages = {144112}
}

@ARTICLE{ezzahri2005,
  author = {Y. Ezzahri and S. Dilhaire and S. Grauby and J. M. Rampnoux and W.
	Claeys and Y. Zhang and G. Zeng and A. Shakouri},
  title = {Study of thermomechanical properties of {S}i/{S}i{G}e superlattices
	using femtosecond transient thermoreflectance technique},
  journal = {Applied Physics Letters},
  year = {2005},
  volume = {87},
  pages = {103506}
}

@ARTICLE{ezzahri2007,
  author = {Y. Ezzahri and S. Grauby and J. M. Rampnoux and H. Michel and G.
	Pernot and W. Claeys and S. Dilhaire and C. Rossignol and G. Zeng
	and A. Shakouri},
  title = {Coherent phonons in {S}i/{S}i{G}e superlattices},
  journal = {Physical Review B},
  year = {2007},
  volume = {75},
  pages = {195309}
}

@ARTICLE{PhysRevLett.77.3839,
  author = {Fabian, Jaroslav and Allen, Philip B.},
  title = {Anharmonic Decay of Vibrational States in Amorphous Silicon},
  journal = {Phys. Rev. Lett.},
  year = {1996},
  volume = {77},
  pages = {3839--3842},
  month = {Oct},
  doi = {10.1103/PhysRevLett.77.3839},
  issue = {18},
  publisher = {American Physical Society},
  url = {http://link.aps.org/doi/10.1103/PhysRevLett.77.3839}
}

@ARTICLE{fafard1999,
  author = {S. Fafard and Z. R. Wasilewski and C. Ni. Allen and D. Picard and
	M. Spanner and J. P. McCaffrey and P. G. Piva},
  title = {Manipulating the energy levels of semiconductor quantum dots},
  journal = {Physical Review B},
  year = {1999},
  volume = {59},
  pages = {15368-15373}
}

@ARTICLE{fagas1999,
  author = {G. Fagas and A. G. Kozorezov and C. J. Lambert and J. K. Wigmore},
  title = {Lattice-dynamical Calculation of Phonon Scaterring at a Disordered
	Interface},
  journal = {Physica B},
  year = {1999},
  volume = {263-264},
  pages = {739-741}
}

@ARTICLE{farrell2002,
  author = {E. F. Farrell},
  title = {Engineering a Warmer Welcome for Female Students},
  journal = {The Chronicle of Higher Education},
  year = {2002},
  volume = {48},
  pages = {A31-A34}
}

@ARTICLE{faulkner1998,
  author = {J. S. Faulkner and Y. Wang and G.M. Stocks,},
  title = {Core Level Chemical Shifts in Metallic Alloys},
  journal = {Physical Review Letters},
  year = {1998},
  volume = {81},
  pages = {1905}
}

@ARTICLE{faulkner1997,
  author = {J. S. Faulkner and Y. Wang and G.M. Stocks,},
  title = {Coulomb Energies in Alloys},
  journal = {Physical Review B},
  year = {1997},
  volume = {55},
  pages = {7492}
}

@ARTICLE{faulkner1995,
  author = {J. S. Faulkner and Y. Wang and G.M. Stocks,},
  title = {An Observation on the Density Functional Theory of Electrons in Extended
	Systems},
  journal = {Physical Review B},
  year = {1995},
  volume = {52},
  pages = {17106}
}

@ARTICLE{feldman1993,
  author = {Feldman, Joseph L. and Kluge, Mark D. and Allen, Philip B. and Wooten,
	Frederick },
  title = {Thermal conductivity and localization in glasses: Numerical study
	of a model of amorphous silicon},
  journal = {Physical Review B},
  year = {1993},
  volume = {48},
  pages = {12589--12602},
  number = {17},
  month = {Nov},
  doi = {10.1103/PhysRevB.48.12589},
  numpages = {13},
  publisher = {American Physical Society}
}

@ARTICLE{flik1990,
  author = {M. I. Flik and C. L. Tien},
  title = {Size effect on the thermal conductivity of high-$T_c$ thin-film superconductors},
  journal = {Journal of Heat Transfer},
  year = {1990},
  volume = {112},
  pages = {872-881}
}

@BOOK{foresman1996,
  title = {Exploring chemistry with electronic structure methods},
  publisher = {Cambridge University Press, Cambridge},
  year = {1996},
  author = {J. B. Foresman and A. Firsch}
}

@ARTICLE{fabboni1999,
  author = {S. Frabboni and F. Gambetta and A. Armigliato and R. Balboni and
	S. Balboni and F. Cembali},
  title = {Lattice strain and static disorder determination in {S}i/{S}i$_{1-x}${G}e$_x$/{S}i
	heterostructures by convergent beam electron diffraction},
  journal = {Physical Review B},
  year = {1999},
  volume = {60},
  pages = {13750-13761}
}

@ARTICLE{frank1995,
  author = {Frank, W. and Els\"asser, C. and F\"ahnle, M. },
  title = {Ab initio Force-Constant Method for Phonon Dispersions in Alkali
	Metals},
  journal = {Physical Review Letters},
  year = {1995},
  volume = {74},
  pages = {1791--1794},
  number = {10},
  month = {Mar},
  doi = {10.1103/PhysRevLett.74.1791},
  numpages = {3},
  publisher = {American Physical Society}
}

@ARTICLE{freeman1986,
  author = {J. J. Freeman and A. C. Anderson},
  title = {Thermal conductivity of amorphous solids},
  journal = {Physical Review B},
  year = {1986},
  volume = {34},
  pages = {5684ï¿½5690}
}

@ARTICLE{freund2005,
  author = {J. B. Freund},
  title = {The Atomic Detail of an Evaporating Meniscus},
  journal = {Physics of Fluids},
  year = {2005},
  volume = {17},
  pages = {022104}
}

@ARTICLE{frey2003,
  author = {L. Frey and C. Lehrer and H. Ryssel},
  title = {Nanoscale effects in focused ion beam processing},
  journal = {Applied Physics A},
  year = {2003},
  volume = {76},
  pages = {1017-1023}
}

@ARTICLE{fu2005,
  author = {J. Fu and P. Mao and J. Han},
  title = {Nanofilter array chip for fast gel-free biomolecule separation},
  journal = {Applied Physics Letters},
  year = {2005},
  volume = {87},
  pages = {263902}
}

@ARTICLE{fujii2005,
  author = {M. Fujii and X. Zhang and H. Xie and H. Ago and K. Takahashi and
	T. Ikuta and H. Abe and T. Shimizu},
  title = {Measuring the Thermal Conductivity of a Single Carbon Nanotube},
  journal = {Physical Review Letters},
  year = {2005},
  volume = {95},
  pages = {065502}
}

@ARTICLE{Chen2003,
  author = {G. Chen, et al.},
  title = {Recent developments in thermoelectric materials},
  journal = {International Materials Review},
  year = {2003},
  volume = {48},
  pages = {45?66}
}

@ARTICLE{G.S.Nolas1999,
  author = {G.S. Nolas, D.T. Morelli, T.M. Tritt},
  title = {Skutterudites: A phonon-glass-electron crystal approach to advanced
	thermoelectric energy conversion applications},
  journal = {Annu. Rev. Mater. Sci.},
  year = {1999},
  volume = {29},
  pages = {86-116}
}

@ARTICLE{nolas1999,
  author = {G.S. Nolas, D.T. Morelli, T.M. Tritt},
  title = {Skutterudites: A phonon-glass-electron crystal approach to advanced
	thermoelectric energy conversion applications},
  journal = {Annu. Rev. Mater. Sci.},
  year = {1999},
  volume = {29},
  pages = {86?116}
}

@ARTICLE{GULP,
  author = {J.D. Gale and A.L. Rohl},
  title = {The General Utility Lattice Program},
  journal = {Molecular Simulation},
  year = {2003},
  volume = {29},
  pages = {291}
}

@ARTICLE{Garg2011,
  author = {Jivtesh Garg and Nicola Bonini and Boris Kozinsky and Nicola Marzari},
  title = {Role of Disorder and Anharmonicity in the Thermal Conductivity of
	Silicon-Germanium Alloys: A First-Principles Study},
  journal = {Physical Review Letters},
  year = {2011},
  volume = {106},
  pages = {045901},
  numpages = {4}
}

@ARTICLE{giannozzi1991,
  author = {Giannozzi, Paolo and de Gironcoli, Stefano and Pavone, Pasquale and
	Baroni, Stefano },
  title = {Ab initio calculation of phonon dispersions in semiconductors},
  journal = {Physical Review B},
  year = {1991},
  volume = {43},
  pages = {7231--7242},
  number = {9},
  month = {Mar},
  doi = {10.1103/PhysRevB.43.7231},
  numpages = {11},
  publisher = {American Physical Society}
}

@ARTICLE{giustino2005,
  author = {F. Giustino and A. Bongiorno and A. Pasquarello},
  title = {Equivalent oxide thickness of a thin oxide interlayer in gate insulator
	stacks on silicon},
  journal = {Applied Physics Letters},
  year = {2005},
  volume = {86},
  pages = {192901}
}

@ARTICLE{giustino2005b,
  author = {F. Giustino and A. Bongiorno and A. Pasquarello},
  title = {Atomistic models of the {S}i(100)--{S}i{O}$_2$ interface: structural,
	electronic and dielectric properties},
  journal = {Journal of Physics: Condensed Matter},
  year = {2005},
  volume = {17},
  pages = {S2065 - S2074}
}

@ARTICLE{goicochea2010,
  author = {J. V. Goicochea and M. Madrid and C. H. Amon},
  title = {Thermal Properties for Bulk Silicon Based on the Determination of
	Relaxation Times Using Molecular Dynamics},
  journal = {Journal of Heat Transfer},
  year = {2010},
  volume = {132},
  pages = {012401},
  publisher = {ASME}
}

@BOOK{goldberg1989,
  title = {Genetic Algorithms in Search Optimization and Machine Learning},
  publisher = {Addison-Wesly, Reading, MA},
  year = {1989},
  author = {D. Goldberg}
}

@ARTICLE{goldman2003,
  author = {R. S. Goldman and B. Shin and B. Lita},
  title = {Mechanisms of semiconductor nanostructure formation},
  journal = {Physica Status Solidi (a)},
  year = {2003},
  volume = {195},
  pages = {151-158}
}

@UNPUBLISHED{gomes2006u,
  author = {C. J. Gomes and M. Madrid and J. V. Coicochea and C. H. Amon},
  note = {unpublished}
}

@ARTICLE{goodsen1999,
  author = {K. E. Goodsen and Y. S. Ju},
  title = {Heat conduction in novel electronic films},
  journal = {Annual Review of Materials Science},
  year = {1999},
  volume = {29},
  pages = {261-293}
}

@BOOK{goosens,
  title = {The \LaTeX\ Companion},
  publisher = {Addison-Wesley},
  year = {1994},
  author = {M. Goosens and F. Mittelbach and A. Samarin},
  address = {Reading, MA}
}

@ARTICLE{PhysRevB.34.5696,
  author = {Graebner, J. E. and Golding, B. and Allen, L. C.},
  title = {Phonon localization in glasses},
  journal = {Phys. Rev. B},
  year = {1986},
  volume = {34},
  pages = {5696--5701},
  month = {Oct},
  doi = {10.1103/PhysRevB.34.5696},
  issue = {8},
  publisher = {American Physical Society},
  url = {http://link.aps.org/doi/10.1103/PhysRevB.34.5696}
}

@ARTICLE{hammer2005,
  author = {N. I. Hammer and E. G. Diken and J. R. Roscioli and E. M. Myshakin
	and K. D. Jordan and A. B. McCoy and X. Huang and S. Carter and J.
	M . Bowman and M. A. Johnson},
  title = {The Vibrational Predissociation Spectra of the {H}$_5${O}$_2$+$\cdot${RG}$_n$({RG}
	={A}r,{N}e) Clusters: Correlation of the Solvent Perturbations in
	the Free OH and Shared Proton Transitions of the Zundel Ion},
  journal = {Journal of Chemical Physics},
  year = {2005},
  volume = {122},
  pages = {244301-1-10}
}

@ARTICLE{han2000,
  author = {J. Han and H. G. Craighead},
  title = {Separation of Long DNA Molecules in a Microfabricated Entropic Trap
	Array},
  journal = {Science},
  year = {2000},
  volume = {288},
  pages = {1026-1029}
}

@ARTICLE{hanasaki2006a,
  author = {I. Hanasaki and A. Nakatani},
  title = {Microscopic structure of water flow though carbon nanotubes},
  journal = {Materials Science Forum},
  year = {2006},
  volume = {512},
  pages = {399-404}
}

@ARTICLE{hanasaki2006b,
  author = {I. Hanasaki and A. Nakatani},
  title = {Water flow through carbon nanotube junctions as molecular convergent
	nozzles},
  journal = {Nanotechnology},
  year = {2006},
  volume = {17},
  pages = {2794-2804}
}

@ARTICLE{hanasaki2006c,
  author = {I. Hanasaki and A. Nakatani},
  title = {Flow structure of water in carbon nanotubes: Poiseuille type or plug-like?},
  journal = {Journal of Chemical Physics},
  year = {2006},
  volume = {124},
  pages = {144708}
}

@ARTICLE{cm052055b,
  author = {He, Tao and Chen, Jiazhong and Rosenfeld, H. David and Subramanian,
	M. A.},
  title = {Thermoelectric Properties of Indium-Filled Skutterudites},
  journal = {Chemistry of Materials},
  year = {2006},
  volume = {18},
  pages = {759-762},
  number = {3},
  doi = {10.1021/cm052055b}
}

@ARTICLE{He2011a,
  author = {Yuping He and Davide Donadio and Giulia Galli},
  title = {Heat transport in amorphous silicon: Interplay between morphologyand
	disorder},
  journal = {Applied Physics Letters},
  year = {2011},
  volume = {98},
  pages = {144101},
  numpages = {4}
}

@ARTICLE{He2011b,
  author = {Yuping He and Davide Donadio and Giulia Galli},
  title = {Morphology and Temperature Dependence of the Thermal Conductivity
	of Nanoporous SiGe},
  journal = {Nano Letters},
  year = {2011},
  volume = {11},
  pages = {3608ï¿½3611}
}

@ARTICLE{He2011c,
  author = {Yuping He and Davide Donadio and Joo-Hyoung Lee and Jeffrey C. Grossman
	and Giulia Galli},
  title = {Thermal Transport in Nanoporous Silicon: Interplay between Disorder
	at Mesoscopic and Atomic Scales},
  journal = {ACS Nano},
  year = {2011},
  volume = {5},
  pages = {1839ï¿½1844}
}

@ARTICLE{headrick2005,
  author = {J. Headrick and E. G. Diken and R. S. Walters and N. I. Hammer and
	R. A. Christie and J. Cui and E. M. Myshakin and M. A. Duncan and
	M. A. Johnson and K. D. Jordan},
  title = {The Shared Nature of the Hydrated Proton from the Cluster Perspective},
  journal = {Science},
  year = {2005},
  volume = {308},
  pages = {1765-1769}
}

@ARTICLE{hegedus2006,
  author = {P. J. Hegedus and A. R. Abramson},
  title = {A molecular dynamics study of interfacial thermal transport in heterogeneous
	systems},
  journal = {International Journal of Heat and Mass Transfer},
  year = {2006},
  volume = {49},
  pages = {4921-4931}
}

@ARTICLE{henry2009,
  author = {Asegun Henry and Gang Chen},
  title = {Anomalous heat conduction in polyethylene chains: Theory and molecular
	dynamics simulations},
  journal = {Physical Review B},
  year = {2009},
  volume = {79},
  pages = {144305},
  number = {14},
  eid = {144305},
  doi = {10.1103/PhysRevB.79.144305},
  keywords = {molecular dynamics method; phonons; polymers; thermal conductivity;
	vibrational modes},
  numpages = {10},
  publisher = {APS},
  url = {http://link.aps.org/abstract/PRB/v79/e144305}
}

@ARTICLE{henry2008b,
  author = {Asegun Henry and Gang Chen},
  title = {High Thermal Conductivity of Single Polyethylene Chains Using Molecular
	Dynamics Simulations},
  journal = {Physical Review Letters},
  year = {2008},
  volume = {101},
  pages = {235502},
  number = {23},
  eid = {235502},
  doi = {10.1103/PhysRevLett.101.235502},
  numpages = {4},
  publisher = {APS},
  url = {http://link.aps.org/abstract/PRL/v101/e235502}
}

@ARTICLE{henry2008,
  author = {A. S. Henry and G. Chen},
  title = {Spectral Phonon Transport Properties of Silicon Based on Molecular
	Dynamics Simulations and Lattice Dynamics},
  journal = {Journal of Computational and Theoretical Nanoscience},
  year = {2008},
  volume = {5},
  pages = {1-12}
}

@ARTICLE{hochbaum2008,
  author = {A. I. Hochbaum and R. Chen and R. D. Delgado and W. Liang and E.
	C. Garnett and M. Najarian and A. Majumdar and P. Yang},
  title = {Enhanced thermoelectric performance of rough silicon nanowires},
  journal = {Nature},
  year = {2008},
  volume = {451},
  pages = {163-167}
}

@ARTICLE{hohenberg1964,
  author = {Hohenberg, P. and Kohn, W. },
  title = {Inhomogeneous Electron Gas},
  journal = {Physical Review},
  year = {1964},
  volume = {136},
  pages = {B864--B871},
  number = {3B},
  month = {Nov},
  doi = {10.1103/PhysRev.136.B864},
  numpages = {7},
  publisher = {American Physical Society}
}

@ARTICLE{holland1963,
  author = {M. G. Holland},
  title = {Analysis of lattice thermal conductivity},
  journal = {Physical Review},
  year = {1963},
  volume = {132},
  pages = {2461}
}

@ARTICLE{holt2006,
  author = {J. K. Holt and H. G. Park and Y. Wang and M. Stadermann and A. B.
	Artyukhin and C. P. Grigoropoulos and A. Noy and O. Bakajin},
  title = {Fast mass transport through subï¿½-2--nanometer carbon nanotubes},
  journal = {Science},
  year = {2006},
  volume = {312},
  pages = {1034-1037}
}

@ARTICLE{hopkins2007,
  author = {P. Hopkins and R. N. Salaway and R. J. Stevens and P. Norris},
  title = {Temperature-Dependent Thermal Boundary Conductance at {Al/Al$_2$O$_3$
	and Pt/Al$_2$O$_3$} interfaces},
  journal = {International Journal of Thermal Physics},
  year = {2007},
  volume = {28},
  pages = {947-957}
}

@ARTICLE{hopkins2009,
  author = {P. E. Hopkins and P. M. Norris},
  title = {Relative Contributions of Inelastic and Elastic Diffuse Phonon Scattering
	to Thermal Boundary Conductance Across Solid Interfaces},
  journal = {J. Heat Transf.},
  year = {2009},
  volume = {131},
  pages = {022402}
}

@ARTICLE{hopkins2008,
  author = {P. E. Hopkins and P. M. Norris and R. J. Stevens},
  title = {Influence of inelastic scattering at metal-dielectric interfaces},
  journal = {Journal of Heat Transfer},
  year = {2008},
  volume = {130},
  pages = {022401}
}

@ARTICLE{hu2009,
  author = {J. Hu and X. Ruan and Y. P. Chen},
  title = {Thermal Conductivity and Thermal Rectification in Graphene Nanoribbons:
	A Molecular Dynamics Study},
  journal = {Nano Letters},
  year = {2009},
  volume = {7},
  pages = {2730-2735}
}

@ARTICLE{hu2007,
  author = {M. Hu and S. Shenogin and P. Keblinski and N. Raravikar},
  title = {Thermal energy exchange between carbon nanotube and air},
  journal = {Applied Physics Letters},
  year = {2007},
  volume = {90},
  pages = {231905}
}

@ARTICLE{Huang20104516,
  author = {Baoling Huang and Massoud Kaviany},
  title = {Filler-reduced phonon conductivity of thermoelectric skutterudites:
	Ab initio calculations and molecular dynamics simulations},
  journal = {Acta Materialia},
  year = {2010},
  volume = {58},
  pages = {4516 - 4526},
  number = {13},
  doi = {10.1016/j.actamat.2010.05.002},
  issn = {1359-6454},
  keywords = {Semiconductor compounds},
  url = {http://www.sciencedirect.com/science/article/pii/S1359645410002764}
}

@ARTICLE{huang:123507,
  author = {B. L. Huang and M. Kaviany},
  title = {Structural metrics of high-temperature lattice conductivity},
  journal = {Journal of Applied Physics},
  year = {2006},
  volume = {100},
  pages = {123507},
  number = {12},
  eid = {123507},
  doi = {10.1063/1.2396794},
  keywords = {lattice constants; crystal structure; phonons; Debye temperature;
	Gruneisen coefficient; Lennard-Jones potential; bonds (chemical);
	molecular dynamics method; thermal conductivity},
  numpages = {12},
  publisher = {AIP},
  url = {http://link.aip.org/link/?JAP/100/123507/1}
}

@ARTICLE{huang2008,
  author = {Bao-Ling Huang and Massoud Kaviany},
  title = {Ab initio and molecular dynamics predictions for electron and phonon
	transport in bismuth telluride},
  journal = {Physical Review B (Condensed Matter and Materials Physics)},
  year = {2008},
  volume = {77},
  pages = {125209},
  number = {12},
  eid = {125209},
  doi = {10.1103/PhysRevB.77.125209},
  keywords = {ab initio calculations; acoustic dispersion; APW calculations; bismuth
	alloys; Boltzmann equation; decomposition; electrical conductivity;
	energy gap; lattice constants; long-range order; molecular dynamics
	method; nanotechnology; phononic crystals; Seebeck effect; short-range
	order; tellurium alloys; thermal conductivity},
  numpages = {19},
  publisher = {APS},
  url = {http://link.aps.org/abstract/PRB/v77/e125209}
}

@ARTICLE{huang2007a,
  author = {B. L. Huang and A. J. H. McGaughey and M. Kaviany},
  title = {Thermal conductivity of metal-organic framework 5 ({MOF}-5): Part
	{I}. {M}olecular dynamics simulations},
  journal = {International Journal of Heat and Mass Transfer},
  year = {2007},
  volume = {50},
  pages = {393-404}
}

@ARTICLE{huang2007b,
  author = {B. L. Huang and Z. Ni and A. Millward and A. J. H. McGaughey and
	C. Uher and M. Kaviany and O. Yaghi},
  title = {Thermal conductivity of metal-organic framework 5 ({MOF}-5): Part
	{II}. {M}easurement},
  journal = {International Journal of Heat and Mass Transfer},
  year = {2007},
  volume = {50},
  pages = {405-411}
}

@ARTICLE{huberman1994,
  author = {Huberman, M. L. and Overhauser, A. W.},
  title = {Electronic Kapitza conductance at a diamond-Pb interface},
  journal = {Phys. Rev. B},
  year = {1994},
  volume = {50},
  pages = {2865--2873},
  number = {5},
  month = {Aug},
  doi = {10.1103/PhysRevB.50.2865},
  numpages = {8},
  publisher = {American Physical Society}
}

@ARTICLE{hummer2001,
  author = {G. Hummer and J. C. Rasaiah and J. P. Noworyta},
  title = {Water conduction through the hydrophobic channel of a carbon nanotube},
  journal = {Nature},
  year = {2001},
  volume = {414},
  pages = {188-190}
}

@ARTICLE{hussein2006,
  author = {M. I. Hussein and K. Hamza and G. M. Hulbert and R. A. Scott and
	K. Saitou},
  title = {Multiobjective evolutionary optimization of periodic layered materials
	for desired wave dispersion characteristics},
  journal = {Structural and Multidisciplinary Optimization},
  year = {2006},
  volume = {31},
  pages = {60-75}
}

@ARTICLE{huxtable2002,
  author = {S. T. Huxtable and A. R. Abramson and C. L. Tien and A. Majumdar
	and C. La{B}ounty and X. Fan and G. Zeng and J. E. Bowers},
  title = {Thermal conductivity of {Si/SiGe} and {SiGe/SiGe} superlattices},
  journal = {Applied Physics Letters},
  year = {2002},
  volume = {80},
  pages = {1737-1739}
}

@ARTICLE{huxtable2004,
  author = {S. T. Huxtable and D. G. Cahill and V. Fauconnier and J. O. White
	and J.-C. Zhao},
  title = {Thermal conductivity imaging at micrometrescale resolution for combinatorial
	studies of materials},
  journal = {Nature Materials},
  year = {2004},
  volume = {3},
  pages = {298-301}
}

@ARTICLE{huxtable2005,
  author = {S. T. Huxtable and D. G. Cahill and S. Shenogin and P. Keblinski},
  title = {Relaxation of vibrational energy in fullerene suspensions},
  journal = {Chemical Physics Letters},
  year = {2005},
  volume = {407},
  pages = {129-134}
}

@ARTICLE{huxtable2003,
  author = {S. T. Huxtable and D. G. Cahill and S. Shenogin and L. Xue and R.
	Ozisik and P. Barone and M. Usrey and M. S. Strano and G. Siddons
	and M. Shim and P. Keblinski},
  title = {Interfacial heat flow in carbon nanotube suspensions},
  journal = {Nature Materials},
  year = {2003},
  volume = {2},
  pages = {731-734}
}

@ARTICLE{imamura2003,
  author = {K. Imamura and Y. Tanaka and N. Nishiguchi and S. Tamura and H. J.
	Maris},
  title = {Lattice Thermal Conductivity in Superlattices: Molecular Dynamics
	Calculations With a Heat Reservoir Method},
  journal = {Journal of Physics: Condensed Matter},
  year = {2003},
  volume = {15},
  pages = {8679-8690}
}

@INCOLLECTION{icn,
  author = {A. Incollection},
  title = {Article title},
  booktitle = {Collection {T}itle},
  publisher = {Publisher {N}ame},
  year = {1991},
  editor = {A. Editor},
  volume = {2},
  series = {Series title},
  type = {{C}hapter},
  chapter = {1},
  pages = {1--3},
  address = {Publisher address},
  edition = {$3^{rd}$},
  month = {May},
  note = {See also URL \verb+http://www.abc.edu+}
}

@INPROCEEDINGS{ips,
  author = {A. Inproceedings},
  title = {Article title},
  booktitle = {Proceedings {T}itle},
  year = {1991},
  editor = {A. Editor and B. Editor},
  volume = {{\bf 1}},
  series = {Series name},
  pages = {1--3},
  address = {Publisher address},
  month = {May},
  organization = {Organization {N}ame},
  publisher = {Publisher {N}ame},
  note = {Paper number 1234}
}

@ARTICLE{inyushkin2004,
  author = {A. V. Inyushkin and A. N. Taldenkov and A. M. Gibin and A. V. Gusev
	and H.-J. Pohl},
  title = {On the isotope effect in thermal conductivity of silicon},
  journal = {Physica Status Solidi (c)},
  year = {2004},
  volume = {1},
  pages = {2995-2998}
}

@ARTICLE{jagannathan1989,
  author = {A. Jagannathan and R. Orbach and O. Entin-Wohlman},
  title = {Thermal conductivity of amorphous materials above the plateau},
  journal = {Physical Review B},
  year = {1989},
  volume = {39},
  pages = {13465ï¿½13477}
}

@ARTICLE{Jagannathan1989,
  author = {Jagannathan, A. and Orbach, R. and Entin-Wohlman, O. },
  title = {Thermal conductivity of amorphous materials above the plateau},
  journal = {Physical Review B},
  year = {1989},
  volume = {39},
  pages = {13465--13477},
  number = {18},
  month = {Jun},
  doi = {10.1103/PhysRevB.39.13465},
  numpages = {12},
  publisher = {American Physical Society}
}

@ARTICLE{javey2002,
  author = {A. Javey and Q. Wang and A. Ural and Y. Li and H. Dai},
  title = {Carbon Nanotube Transistor Arrays for Multistage Complementary Logic
	and Ring Oscillators},
  journal = {Nano Letters},
  year = {2002},
  volume = {2},
  pages = {929-932}
}

@ARTICLE{jenness2009,
  author = {G. Jenness and K. D. Jordan},
  title = {{A DF-DFT-SAPT investigation of the binding of water of coronene
	and dodecabenzocoronene: Implications for the water-graphite interaction}},
  journal = {Journal of Physical Chemistry C},
  year = {2009},
  note = {In press}
}

@ARTICLE{jensen2006,
  author = {K. P. Jensen and W. L. Jorgensen},
  title = {Halide, Ammonium, and Alkali Metal Ion Parameters for Modeling Aqueous
	Solutions},
  journal = {Journal of Chemical Theory and Computation},
  year = {2006},
  volume = {2},
  pages = {1499-1509}
}

@ARTICLE{jiang2008,
  author = {H. Jiang and E. Myshakin and K. D. Jordan and R. Warzinski},
  title = {Molecular Dynamics Simulations of the Thermal Conductivity of Methane
	Hydrate},
  journal = {Journal of Physical Chemistry B},
  year = {2008},
  volume = {112},
  pages = {10207-10216}
}

@ARTICLE{jorgensen1981,
  author = {W. L. Jorgensen},
  title = {Transferable Intermolecular Potential Functions for Water, Alcohols,
	and Ethers. {A}pplication to Liquid Water},
  journal = {Journal of the American Chemical Society},
  year = {1981},
  volume = {103},
  pages = {335-340}
}

@ARTICLE{jorgensen1983,
  author = {W. L. Jorgensen and J. Chandrasekhar and J. Madura and R. W. Impey
	and M. L. Klein},
  title = {Comparison of simple potential functions for simulating liquid water},
  journal = {Journal of Chemical Physics},
  year = {1983},
  volume = {79},
  pages = {926-935}
}

@ARTICLE{joseph2006,
  author = {P. Joseph and C. Cottin-Bizonne and J.-M. Benoit and C. Ybert and
	C. Journet and P. Tabeling and L. Bocquet},
  title = {Slippage of Water Past Superhydrophobic Carbon Nanotube Forests in
	Microchannels},
  journal = {Physical Review Letters},
  year = {2006},
  volume = {97},
  pages = {156104}
}

@ARTICLE{joseph2008,
  author = {S. Joseph and N. R. Aluru},
  title = {Why Are Carbon Nanotubes Fast Transporters of Water?},
  journal = {Nano Letters},
  year = {2008},
  volume = {8},
  pages = {452-458}
}

@ARTICLE{joseph2003,
  author = {S. Joseph and R. J. Mashl and E. Jakobsson and N. R. Aluru},
  title = {Electrolytic Transport in Modified Carbon Nanotubes},
  journal = {Nano Letters},
  year = {2003},
  volume = {3},
  pages = {1399-1403}
}

@ARTICLE{ju1999,
  author = {Y. S. Ju and K. E. Goodson},
  title = {Phonon scattering in silicon films with thickness of order 100 nm},
  journal = {Applied Physics Letters},
  year = {1999},
  volume = {74},
  pages = {3005-3007}
}

@ARTICLE{jund1999,
  author = {P. Jund and R. Jullien},
  title = {Molecular-dynamics calculation of the thermal conductivity of vitreous
	silica},
  journal = {Physical Review B},
  year = {1999},
  volume = {59},
  pages = {13707-13711}
}

@ARTICLE{kaledin2009,
  author = {M. Kaledin and A. L. Kaledin and J. M. Bowman and J. Ding and and
	K. D. Jordan},
  title = {Calculation of the Vibrational Spectra of {H}$_5${O}$_2^+$ and its
	Deuterium-substituted Isotopologues by Molecular Dynamics Simulations},
  journal = {Journal of Physical Chemistry A},
  year = {2009},
  note = {In press}
}

@ARTICLE{kalra2003,
  author = {A. Kalra and S. Garde and G. Hummer},
  title = {Osmotic water transport through carbon nanotube membranes},
  journal = {Proceedings of the National Academy of Sciences},
  year = {2003},
  volume = {100},
  pages = {10175-10180}
}

@ARTICLE{kaplan2006,
  author = {W. D. Kaplan and Y. Kauffmann},
  title = {Structural order in liquids induced by interfaces with crystals},
  journal = {Annual Review of Materials Research},
  year = {2006},
  volume = {36},
  pages = {1-48}
}

@ARTICLE{karis2005,
  author = {T. E. Karis and W. T. Kim and M. S. Jhon},
  title = {Spreading and dewetting in nanoscale lubrication},
  journal = {Tribology Letters},
  year = {2005},
  volume = {18},
  pages = {27-41}
}

@BOOK{kasper2000,
  title = {Propeties of Silicon Germanium and SiGe:Carbon},
  publisher = {{INSPEC}, The Institute of Electrical Engineers, London},
  year = {2000},
  author = {E. Kasper and K. Lyutovich}
}

@ARTICLE{katerberg1977,
  author = {J. A. Katerberg and C. L. Reynolds and A. C. Anderson},
  title = {Calculations of the thermal boundary resistance},
  journal = {Physical Review B},
  year = {1977},
  volume = {16},
  pages = {673-679}
}

@BOOK{kaviany2008,
  title = {Heat Transfer Physics},
  publisher = {Cambridge University Press, New York},
  year = {2008},
  author = {M. Kaviany}
}

@BOOK{kaviany2001,
  title = {Principles of Heat Transfer},
  publisher = {Wiley, New York},
  year = {2001},
  author = {M. Kaviany}
}

@BOOK{kaviany1999,
  title = {Principles of Heat Transfer in Porous Media, 2nd Edition},
  publisher = {Springer-Verlag, New York},
  year = {1999},
  author = {M. Kaviany}
}

@ARTICLE{keppens1998,
  author = {V. Keppens and D. Mandrus and B. C. Sales and B. C. Chakoumakos and
	P. Dai and R. Coldea and M. B. Maple and D. A. Gajewski and E. J.
	Freeman and S. Bennington},
  title = {Localized vibrational modes in metallic solids},
  journal = {Nature},
  year = {1998},
  volume = {395},
  number = {876}
}

@ARTICLE{khare2006,
  author = {R. Khare and P. Keblinski and A. Yethiraj},
  title = {Molecular dynamics simulations of heat and momentum transfer at a
	solid-ï¿½fluid interface: Relationship between thermal and velocity
	slip},
  journal = {International Journal of Heat and Mass Transfer},
  year = {2006},
  volume = {49},
  pages = {3401-3407}
}

@ARTICLE{kim2005,
  author = {H. Kim and D. Bedrov and G. D. Smith and S. Shenogin and P. Keblinski},
  title = {Role of attached polymer chains on the vibrational relaxation of
	a {C}$_{60}$ fullerene in aqueous solution},
  journal = {Physical Review B},
  year = {2005},
  volume = {72},
  pages = {085454}
}

@ARTICLE{PhysRevLett.105.265901,
  author = {Kim, Hyoungchul and Kaviany, Massoud and Thomas, John C. and Van
	der Ven, Anton and Uher, Ctirad and Huang, Baoling},
  title = {Structural Order-Disorder Transitions and Phonon Conductivity of
	Partially Filled Skutterudites},
  journal = {Phys. Rev. Lett.},
  year = {2010},
  volume = {105},
  pages = {265901},
  month = {Dec},
  doi = {10.1103/PhysRevLett.105.265901},
  issue = {26},
  numpages = {4},
  publisher = {American Physical Society},
  url = {http://link.aps.org/doi/10.1103/PhysRevLett.105.265901}
}

@ARTICLE{kim2001,
  author = {P. Kim and L. Shi and A. Majumdar and P. L. McEuen},
  title = {Thermal Transport Measurements of Individual Multiwalled Nanotubes},
  journal = {Physical Review Letters},
  year = {2001},
  volume = {87},
  pages = {215502}
}

@ARTICLE{kim2006,
  author = {W. Kim and J. Zide and A. Gossard and D. Klenov and S. Stemmer and
	A. Shakouri and A. Majumdar},
  title = {Thermal Conductivity Reduction and Thermoelectric Figure of Merit
	Increase by Embedding Nanoparticles in Crystalline Semiconductors},
  journal = {Physical Review Letters},
  year = {2006},
  volume = {96},
  pages = {045901}
}

@ARTICLE{kimmer2007,
  author = {C. Kimmer and S. Aubry and A. Skye and P. K. Schelling},
  title = {Scattering of phonons from high-energy grain boundary in silicon:
	Dependence on angle of incidence},
  journal = {Physical Review B},
  year = {2007},
  volume = {75},
  pages = {144105}
}

@ARTICLE{kittel1949,
  author = {C. Kittel},
  title = {Interpretation of the thermal conductivity of glasses},
  journal = {Physical Review},
  year = {1949},
  volume = {75},
  pages = {974}
}

@ARTICLE{klemens1957,
  author = {P G Klemens},
  title = {Thermal Resistance due to Isotopic Mass Variation},
  journal = {Proceedings of the Physical Society. Section A},
  year = {1957},
  volume = {70},
  pages = {833},
  number = {11},
  url = {http://stacks.iop.org/0370-1298/70/i=11/a=407}
}

@ARTICLE{klemens1955,
  author = {P G Klemens},
  title = {The Scattering of Low-Frequency Lattice Waves by Static Imperfections},
  journal = {Proceedings of the Physical Society. Section A},
  year = {1955},
  volume = {68},
  number = {1113}
}

@ARTICLE{koh2009,
  author = {Yee Kan Koh and Suzanne L. Singer and Woochul Kim and Joshua M. O.
	Zide and Hong Lu and David G. Cahill and Arun Majumdar and Arthur
	C. Gossard},
  title = {Comparison of the 3 omega method and time-domain thermoreflectance
	for measurements of the cross-plane thermal conductivity of epitaxial
	semiconductors},
  journal = {Journal of Applied Physics},
  year = {2009},
  volume = {105},
  pages = {054303},
  number = {5},
  eid = {054303},
  doi = {10.1063/1.3078808},
  keywords = {aluminium compounds; erbium compounds; gallium arsenide; III-V semiconductors;
	indium compounds; nanoparticles; semiconductor epitaxial layers;
	thermal conductivity; thermoreflectance},
  numpages = {7},
  publisher = {AIP},
  url = {http://link.aip.org/link/?JAP/105/054303/1}
}

@ARTICLE{kohn1965,
  author = {Kohn, W. and Sham, L. J.},
  title = {Self-Consistent Equations Including Exchange and Correlation Effects},
  journal = {Physical Review},
  year = {1965},
  volume = {140},
  pages = {A1133--A1138},
  number = {4A},
  month = {Nov},
  doi = {10.1103/PhysRev.140.A1133},
  numpages = {5},
  publisher = {American Physical Society}
}

@ARTICLE{dekoker2009,
  author = {N. de Koker},
  title = {Thermal conductivity of {MgO} periclase from equilibrium first principles
	molecular dynamics},
  journal = {Physical Review Letters},
  year = {2009},
  volume = {103},
  pages = {125902}
}

@ARTICLE{koker2009,
  author = {Nico de Koker},
  title = {Thermal Conductivity of MgO Periclase from Equilibrium First Principles
	Molecular Dynamics},
  journal = {Physical Review Letters},
  year = {2009},
  volume = {103},
  pages = {125902},
  number = {12},
  eid = {125902},
  doi = {10.1103/PhysRevLett.103.125902},
  numpages = {4},
  publisher = {APS},
  url = {http://link.aps.org/abstract/PRL/v103/e125902}
}

@ARTICLE{kolesnikov2006,
  author = {A.I. Kolesnikov and C.-K. Loong and N.R. de Souzaa and C.J. Burnham
	and A. P. Moravsky},
  title = {Anomalously soft dynamics of water in carbon nanotubes},
  journal = {Physica B},
  year = {2006},
  volume = {385-386},
  pages = {272-274}
}

@ARTICLE{kolesnikov2004,
  author = {A. I. Kolesnikov and J.-M. Zanotti and C.-K. Loong and P. Thiyagarajan
	and A. P. Moravsky and R. O. Loutfy and C. J. Burnham},
  title = {Anomalously Soft Dynamics of Water in a Nanotube: A Revelation of
	Nanoscale Confinement},
  journal = {Physical Review Letters},
  year = {2004},
  volume = {93},
  pages = {035503}
}

@ARTICLE{koplik1989,
  author = {J. Koplik and J. R. Banavar and J. F. Willemsen},
  title = {Molecular dynamics of fluid flow at solid surfaces},
  journal = {Physics of Fluids A},
  year = {1989},
  volume = {5},
  pages = {781-794}
}

@ARTICLE{kotsalis2004,
  author = {E. M. Kotsalis and J. H. Walther and P. Koumoutsakos},
  title = {Multiphase water flow inside carbon nanotubes},
  journal = {International Journal of Multiphase Flow},
  year = {2004},
  volume = {30},
  pages = {995-1010}
}

@ARTICLE{kresse1996a,
  author = {G. Kresse and J. Furthmuller},
  title = {Efficient Iterative Schemes for Ab Initio Total-Energy Calculations
	Using a Plane-Wave Basis Set},
  journal = {Physical Review B},
  year = {1996},
  volume = {54},
  pages = {11169-11186}
}

@ARTICLE{kresse1996b,
  author = {G. Kresse and J. Furthmuller},
  title = {Efficiency of Ab-Initio Total Energy Calculations for Metals and
	Semiconductors Using a Plane-Wave Basis Set},
  journal = {Computational Materials Science},
  year = {1996},
  volume = {6},
  pages = {15-50}
}

@ARTICLE{kresse1993,
  author = {G. Kresse and J. Hafner},
  title = {Ab initio molecular dynamics for liquid-metals},
  journal = {Physical Review B},
  year = {1993},
  volume = {47},
  pages = {558-561}
}

@ARTICLE{krivchikov2005,
  author = {A. I. Krivchikov and B. {Ya.} Gorodilov and O. A. Korolyuk and V.
	G. Manzhelii and H. Conrad and W. Press},
  title = {Thermal Conductivity of Methane-Hydrate},
  journal = {Journal of Low Temperature Physics},
  year = {2005},
  volume = {139},
  pages = {693-702}
}

@ARTICLE{Krivchikov2005,
  author = {A. I. Krivchikov and B. Ya Gorodilov and O. A. Korolyuk and V. G.
	Manzhelii and H. Conrad and W. Press},
  title = {Thermal Conductivity of Methane Hydrate},
  journal = {Journal of Low Temperature Physics},
  year = {2005},
  volume = {139},
  pages = {693-702}
}

@ARTICLE{kuemmeth2008,
  author = {F. Kuemmeth and S. Ilani and D. C. Ralph and P. L. McEuen},
  title = { Coupling of spin and orbital motion of electrons in carbon nanotubes},
  journal = {Nature},
  year = {2008},
  volume = {452},
  pages = {448-452}
}

@ARTICLE{kulda2004,
  author = {J. Kulda and A. Debernardi and M. Cardona and F. de Geuser and E.
	E. Haller},
  title = {Self-energy of zone-boundary phonons in germanium: {\em Ab initio}
	calculations versus neutron spin-echo measurements},
  journal = {Physical Review B},
  year = {2004},
  volume = {69},
  pages = {045209}
}

@ARTICLE{kumar2009,
  author = {R. Kumar and R. A. Christie and K. D. Jordan },
  title = {A Modified {MSEVB} Force Field for Protonated Water Clusters},
  journal = {Journal of Physical Chemistry B},
  year = {2009},
  volume = {113},
  pages = {4111-4118}
}

@ARTICLE{kumar2010,
  author = {Revati Kumar and Fang-Fang Wang and Glen R. Jenness and Kenneth D.
	Jordan},
  title = {A second generation distributed point polarizable water model},
  journal = {The Journal of Chemical Physics},
  year = {2010},
  volume = {132},
  pages = {014309},
  number = {1},
  eid = {014309},
  doi = {10.1063/1.3276460},
  keywords = {charge exchange; liquid theory; molecular clusters; molecular dynamics
	method; Monte Carlo methods; water},
  numpages = {12},
  publisher = {AIP},
  url = {http://link.aip.org/link/?JCP/132/014309/1}
}

@ARTICLE{kunugi2006,
  author = {T. Kunugi and K. Muko and M. Shibahara},
  title = {Ultrahigh Heat Transfer Enhancement by Nano- and Microscale Porous
	Layer Formed on Surface},
  journal = {Nanoscale and Microscale Thermophysical Engineering},
  year = {2006},
  volume = {10},
  pages = {205-215}
}

@ARTICLE{kunugi2004,
  author = {T. Kunugi and K. Muko and M. Shibahara},
  title = {Ultrahigh heat transfer enhancement using nano-porous layer},
  journal = {Superlattices and Microstructures },
  year = {2004},
  volume = {35},
  pages = {531-542}
}

@ARTICLE{ladd1986,
  author = {A. J. C. Ladd and B. Moran and W. G. Hoover},
  title = {Lattice thermal conductivity: A comparison of molecular dynamics
	and anharmonic lattice dynamics},
  journal = {Physical Review B},
  year = {1986},
  volume = {34},
  pages = {5058-5064}
}

@ARTICLE{lamb2004,
  author = {B. Lamb},
  title = {Wide Open Spaces: Wikis, Ready or Not},
  journal = {EDUCAUSE Review},
  year = {2004},
  volume = {39},
  pages = {36-48}
}

@BOOK{latex,
  title = {\LaTeX: a Document Preparation System},
  publisher = {Addison-Wesley},
  year = {1986},
  author = {L. Lamport},
  address = {Reading, MA}
}

@ARTICLE{landry2008,
  author = {E. S. Landry and M. I. Hussein and A J. H. McGaughey},
  title = {Complex superlattice unit cell designs for reduced thermal conductivity},
  journal = {Physical Review B},
  year = {2008},
  volume = {77},
  pages = {184302}
}

@INPROCEEDINGS{landry2008c,
  author = {E. S. Landry and T. Matsuura and A. J. H. McGaughey},
  title = {Predicting the thermal boundary resistance of isolated and closely-spaced
	{Si/Si$_{1-x}$Ge$_x$} interfaces with molecular dynamics simulations},
  booktitle = {Proceedings of IMECE 2008},
  year = {2008},
  organization = {ASME},
  note = {Paper number IMECE2008-67484}
}

@ARTICLE{landry2010,
  author = {E. S. Landry and A. J. H. McGaughey},
  title = {Effect of film thickness on the thermal resistance of confined semiconductor
	thin films},
  journal = {Journal of Applied Physics},
  year = {2010},
  volume = {107},
  pages = {013521}
}

@ARTICLE{landry2009,
  author = {E. S. Landry and A. J. H. McGaughey},
  title = {Effect of interfacial species mixing on phonon transport in semiconductor
	superlattices},
  journal = {Physical Review B},
  year = {2009},
  volume = {79},
  pages = {075316}
}

@ARTICLE{landry2009b,
  author = {E. S. Landry and A. J. H. McGaughey},
  title = {Thermal boundary resistance predictions from molecular dynamics simulations
	and theoretical calculations},
  journal = {Physical Review B},
  year = {2009},
  volume = {80},
  pages = {165304}
}

@INPROCEEDINGS{landry2008b,
  author = {E. S. Landry and A. J. H. McGaughey},
  title = {Designing {Si/Si$_{1-x}$Ge$_x$} superlattices with tailored thermal
	properties},
  booktitle = {Proceedings of SHTC 2008},
  year = {2008},
  organization = {ASME},
  note = {Paper number HT2008-56473}
}

@INPROCEEDINGS{landry2007a,
  author = {E. S. Landry and A. J. H. McGaughey and M. I. Hussein},
  title = {Molecular dynamics prediction of the thermal conductivity of {S}i/{G}e
	superlattices},
  booktitle = {Proceedings of Summer Heat Transfer Conference 2007},
  year = {2007},
  organization = {ASME},
  note = {Paper number HT2007-32152}
}

@INPROCEEDINGS{landry2007b,
  author = {E. S. Landry and A. J. H. McGaughey and M. I. Hussein},
  title = {Molecular dynamics prediction of the thermal conductivity of Si/Ge
	superlattices},
  booktitle = {Proceedings of SHTC 2007},
  year = {2007},
  organization = {ASME},
  note = {Paper number HT2007-32152}
}

@INPROCEEDINGS{landry2006,
  author = {E. S. Landry and A. J. H. McGaughey and M. I. Hussein},
  title = {Superlattices Analysis for Tailored Thermal Transport Characteristics},
  booktitle = {Proceedings of IMECE 2006},
  year = {2006},
  organization = {ASME},
  note = {Paper number IMECE2006-13673}
}

@ARTICLE{landry2007,
  author = {E. S. Landry and S. Mikkilineni and M. Paharia and A. J. H. McGaughey},
  title = {Droplet Evaporation: A Molecular Dynamics Investigation},
  journal = {Journal of Applied Physics},
  year = {2007},
  volume = {102},
  pages = {124301}
}

@ARTICLE{lankhorst2005,
  author = {M. H. R. Lankhorst and W. S. Bas and M. M. Ketelaars and R. A. M.
	Wolters},
  title = {Low-cost and nanoscale non-volatile memory concept for future silicon
	chips},
  journal = {Nature Materials},
  year = {2005},
  volume = {4},
  pages = {347-352}
}

@ARTICLE{laradji1995,
  author = {M. Laradji and D. P. Landau and B. Dunweg},
  title = {Structural properties of {S}i$_{1-x}$/{G}e$_x$ alloys: A {M}onte
	{C}arlo simulation with the {S}tillinger-{W}eber potential},
  journal = {Physical Review B},
  year = {1995},
  volume = {51},
  pages = {4894-4902}
}

@ARTICLE{lau2003,
  author = {K. K. S. Lau and J. Bico and K. B. K. Teo and M. Chhowalla and G.
	A. J. Amaratunga and W. I. Milne and G. H. McKinley and K. K. Gleason},
  title = {Superhydrophobic Carbon Nanotube Forests},
  journal = {Nano Letters},
  year = {2003},
  volume = {3},
  pages = {1701-1705}
}

@ARTICLE{ledentsov1998,
  author = {N. N. Ledentsov and V. M. Ustinov and V. A. Shchukin and P. S. Kop'ev
	and Z. I. Alferov and D. Bimberg },
  title = {Quantum dot heterostructures: {F}abrication, properties, lasers (Review)},
  journal = {Semiconductors},
  year = {1998},
  volume = {32},
  pages = {343-365}
}

@ARTICLE{lee2008,
  author = {J. Lee and D. C. Sorescu and K. D. Jordan and and {J. T. Yates, Jr.}},
  title = {Hydroxyl Chain Formation on the {C}u(110) Surface: Watching Water
	Dissociation},
  journal = {Journal of Physical Chemistry C},
  year = {2008},
  volume = {112},
  pages = {17672-17677}
}

@ARTICLE{mylee2009,
  author = {M. Lee and A. J. H. McGaughey},
  title = {Energetics of oxygen embedment into unreconstructed and reconstructed
	Cu(100) surfaces: Density functional theory calculations},
  journal = {Surface Science},
  year = {2009},
  volume = {603},
  pages = {3404-3409}
}

@ARTICLE{lee1997b,
  author = {S.-M. Lee and D. G Cahill},
  title = {Heat Transport in Thin Dielectric Films},
  journal = {Journal of Applied Physics},
  year = {1997},
  volume = {81},
  pages = {2590-2595}
}

@ARTICLE{lee1997,
  author = {S.-M. Lee and D. G. Cahill and R. Venkatasubramanian},
  title = {Thermal Conductivity of {S}i-{G}e Superlattices },
  journal = {Applied Physics Letters},
  year = {1997},
  volume = {70},
  pages = {2957-2959}
}

@ARTICLE{leitner2001,
  author = {Leitner, David M.},
  title = {Vibrational energy transfer and heat conduction in a one-dimensional
	glass},
  journal = {Physical Review B},
  year = {2001},
  volume = {64},
  pages = {094201},
  number = {9},
  month = {Aug},
  doi = {10.1103/PhysRevB.64.094201},
  numpages = {9},
  publisher = {American Physical Society}
}

@ARTICLE{li2006,
  author = {B. Li and J. Zhao and K. D. Jordan and J. Yang and and H. Petek},
  title = {Ultrafast Interfacial Proton-coupled Electron Transfer},
  journal = {Science},
  year = {2006},
  volume = {311},
  pages = {1436-1440}
}

@ARTICLE{li2003,
  author = {D. Li and Y. Wu and P. Kim and L. Shi and P. Yang and A. Majumdar},
  title = {Thermal Conductivity of Individual Silicon Nanowires},
  journal = {Applied Physics Letters},
  year = {2003},
  volume = {83},
  pages = {2934-2936}
}

@ARTICLE{li1998b,
  author = {J. Li and D. Liao and S. Yip},
  title = {Coupling continuum to molecular-dynamics simulation: Reflecting particle
	method and the field estimator},
  journal = {Physical Review E},
  year = {1998},
  volume = {57},
  pages = {7259-7267}
}

@ARTICLE{li1998,
  author = {J. Li and L. Porter and S. Yip},
  title = {Atomistic modeling of finite temperature properties of crystalline
	$\beta$-{S}i{C}. II. {T}hermal conductivity and effects of point
	defects},
  journal = {Journal of Nuclear Materials},
  year = {1998},
  volume = {255},
  pages = {139-152}
}

@ARTICLE{li1997,
  author = {J. Li and S. Yip},
  title = {Order-{N} method to calculate the local density of states},
  journal = {Physical Review B},
  year = {1997},
  volume = {56},
  pages = {3524-3527}
}

@ARTICLE{li2007,
  author = {Y. L. Li and Y. R. Huang and Y. H. Lai},
  title = {Efficiency droop behaviors of {InGaN/GaN} multiple-quantum-well light-emitting
	diodes with varying quantum well thickness},
  journal = {Applied Physics Letters},
  year = {2007},
  volume = {91},
  pages = {181113}
}

@ARTICLE{liang2000,
  author = {X.-G. Liang and B. Shi},
  title = {Two-dimensional Molecular Dynamics Simulation of the Thermal Conductance
	of Superlattices},
  journal = {Materials Science and Engineering A},
  year = {2000},
  volume = {292},
  pages = {198-202}
}

@ARTICLE{lindsay2009,
  author = {Lindsay, L. and Broido, D. A. and Mingo, Natalio },
  title = {Lattice thermal conductivity of single-walled carbon nanotubes: Beyond
	the relaxation time approximation and phonon-phonon scattering selection
	rules},
  journal = {Phys. Rev. B},
  year = {2009},
  volume = {80},
  pages = {125407},
  number = {12},
  month = {Sep},
  doi = {10.1103/PhysRevB.80.125407},
  numpages = {7},
  publisher = {American Physical Society}
}

@ARTICLE{li1999,
  author = {J. Ling and C. Papadopoulos and J. Xu},
  title = {Growing {Y}-junction carbon nanotubes},
  journal = {Nature},
  year = {1999},
  volume = {402},
  pages = {253-254}
}

@ARTICLE{lisal2002,
  author = {M. Lisal and J. Kolafa and I. Nezbeda},
  title = {An examination of the five-site potential ({TIP5P}) for water},
  journal = {Journal of Chemical Physics},
  year = {2002},
  volume = {117},
  pages = {8892-8897}
}

@ARTICLE{little1959,
  author = {W. A. Little},
  title = {The transport of heat between dissimilar solids at low temperatures},
  journal = {Canadian Journal of Physics},
  year = {1959},
  volume = {37},
  pages = {334-349}
}

@ARTICLE{liu2006,
  author = {H. Liu and S. Murad and C. J. Jameson},
  title = {Ion permeation dynamics in carbon nanotubes},
  journal = {Journal of Chemical Physics},
  year = {2006},
  volume = {125},
  pages = {084713}
}

@ARTICLE{liu2004,
  author = {P. Liu and E. Harder and B. J. Berne},
  title = {On the Calculation of Diffusion Coefficients in Confined Fluids and
	Interfaces with an Application to the Liquid-Vapor Interface of Water},
  journal = {Journal of Physical Chemistry B},
  year = {2004},
  volume = {108},
  pages = {6595-6602}
}

@ARTICLE{Liu2006,
  author = {Wenjun Liu and Mehdi Asheghi},
  title = {Thermal Conductivity Measurements of Ultra-Thin Single Crystal Silicon
	Layers},
  journal = {Journal of Heat Transfer},
  year = {2006},
  volume = {128},
  pages = {75-83},
  number = {1},
  doi = {10.1115/1.2130403},
  keywords = {silicon; elemental semiconductors; thermal conductivity; heat conduction;
	phonons; Boltzmann equation},
  publisher = {ASME},
  url = {http://link.aip.org/link/?JHR/128/75/1}
}

@ARTICLE{Liu2004,
  author = {W. Liu and M. Asheghi},
  title = {Phonon--boundary scattering in ultrathin single-crystal silicon layers},
  journal = {Applied Physics Letters},
  year = {2004},
  volume = {84},
  pages = {3819-3821},
  number = {19},
  doi = {10.1063/1.1741039},
  keywords = {silicon; elemental semiconductors; semiconductor thin films; thermal
	conductivity; Boltzmann equation; carrier mean free path; phonon
	spectra; thermometers},
  publisher = {AIP},
  url = {http://link.aip.org/link/?APL/84/3819/1}
}

@ARTICLE{PhysRevLett.102.035901,
  author = {Liu, Xiao and Feldman, J. L. and Cahill, D. G. and Crandall, R. S.
	and Bernstein, N. and Photiadis, D. M. and Mehl, M. J. and Papaconstantopoulos,
	D. A.},
  title = {High Thermal Conductivity of a Hydrogenated Amorphous Silicon Film},
  journal = {Phys. Rev. Lett.},
  year = {2009},
  volume = {102},
  pages = {035901},
  month = {Jan},
  doi = {10.1103/PhysRevLett.102.035901},
  issue = {3},
  numpages = {4},
  publisher = {American Physical Society},
  url = {http://link.aps.org/doi/10.1103/PhysRevLett.102.035901}
}

@ARTICLE{liu2005,
  author = {Y. Liu and Q. Wang},
  title = {Transport behavior of water confined in carbon nanotubes},
  journal = {Physical Review B},
  year = {2005},
  volume = {72},
  pages = {085420}
}

@ARTICLE{lockwood1987,
  author = {D. J. Lockwood and M. W. C. Dharma-wardana and J.-M. Baribeau and
	D. C. Houghton},
  title = {Folded acoustic phonons in {S}i/{S}i$_x${G}e$_{1-x}$ strained-layer
	superlattices},
  journal = {Physical Review B},
  year = {1987},
  volume = {35},
  pages = {2243-2251}
}

@ARTICLE{lombardo2005,
  author = {S. Lombardo and J. H. Stathis and B. P. Linder and K. L. Pey and
	F. Palumbo and C. H. Tung},
  title = {Dielectric breakdown mechanisms in gate oxides},
  journal = {Journal of Applied Physics},
  year = {2005},
  volume = {98},
  pages = {121301}
}

@ARTICLE{lorenzi2005,
  author = {G. D. Lorenzi-Venneri and D. C. Wallace},
  title = {A model for transits in dynamic response theory},
  journal = {Journal of Chemical Physics},
  year = {2005},
  volume = {123},
  pages = {244513}
}

@ARTICLE{lukes2004,
  author = {J. Lukes and C.-L. Tien},
  title = {Molecular Dynamics Study of Solid Thin-film Thermal Conductivity},
  journal = {Microscale Thermophysical Engineering},
  year = {2004},
  volume = {8},
  pages = {341-359}
}

@ARTICLE{lukes2000,
  author = {J. R. Lukes and D. Y. Li and X.-G. Liang and C.-L. Tien},
  title = {Molecular Dynamics Study of Solid Thin-film Thermal Conductivity},
  journal = {Journal of Heat Transfer},
  year = {2000},
  volume = {122},
  pages = {536-543}
}

@ARTICLE{lukes2007,
  author = {J. R. Lukes and H. Zhong},
  title = {Thermal Conductivity of Individual Single-Wall Carbon Nanotubes},
  journal = {Journal of Heat Transfer},
  year = {2007},
  volume = {129},
  pages = {705-716}
}

@ARTICLE{lyeo2006,
  author = {H.-K. Lyeo and D. G. Cahill},
  title = {Thermal conductance of interfaces between highly dissimilar materials},
  journal = {Physical Review B},
  year = {2006},
  volume = {73},
  pages = {144301}
}

@ARTICLE{mahan2009,
  author = {G. D. Mahan},
  title = {Kapitza thermal resistance between a metal and a nonmetal},
  journal = {Physical Review B (Condensed Matter and Materials Physics)},
  year = {2009},
  volume = {79},
  pages = {075408},
  number = {7},
  eid = {075408},
  doi = {10.1103/PhysRevB.79.075408},
  keywords = {interface phonons; surface charging; thermal conductivity; wave functions},
  numpages = {6},
  publisher = {APS},
  url = {http://link.aps.org/abstract/PRB/v79/e075408}
}

@ARTICLE{mahoney2001,
  author = {M. W. Mahoney and W. L. Jorgensen},
  title = {Diffusion constant of the {TIP5P} model of liquid water},
  journal = {Journal of Chemical Physics},
  year = {2001},
  volume = {114},
  pages = {363-366}
}

@ARTICLE{mahoney2000,
  author = {M. W. Mahoney and W. L. Jorgensen},
  title = {A five-site model for liquid water and the reproduction of the density
	anomaly by rigid, nonpolarizable potential functions},
  journal = {Journal of Chemical Physics},
  year = {2000},
  volume = {112},
  pages = {8910-8922}
}

@ARTICLE{maiti1997,
  author = {A. Maiti and G. D. Mahan and S. T. Pantelides},
  title = {Dynamical Simulation of Nonequilibrium Processes - Heat Flow and
	the {K}apitza Resistance Across Grain Boundaries},
  journal = {Solid State Communications},
  year = {1997},
  volume = {102},
  pages = {517-521}
}

@INCOLLECTION{majumdar1998,
  author = {A. Majumdar},
  title = {Microscale energy transport in solids},
  booktitle = {Microscale Energy Transport},
  publisher = {Taylor and Francis, Washington},
  year = {1998},
  editor = {C.-L. Tien and A. Majumdar and F. M. Gerner},
  pages = {72}
}

@ARTICLE{majumdar1999,
  author = {A. Majumdar},
  title = {Scanning Thermal Microscopy},
  journal = {Annual Review of Materials Science},
  year = {1999},
  volume = {29},
  pages = {505-585}
}

@ARTICLE{majumdar1993,
  author = {A. Majumdar},
  title = {Microscale heat conduction in dielectric thin films},
  journal = {Journal of Heat Transfer},
  year = {1993},
  volume = {115},
  pages = {7-16}
}

@ARTICLE{majumdar2004,
  author = {Arun Majumdar and Pramod Reddy},
  title = {Role of electron--phonon coupling in thermal conductance of metal--nonmetal
	interfaces},
  journal = {Applied Physics Letters},
  year = {2004},
  volume = {84},
  pages = {4768-4770},
  number = {23},
  doi = {10.1063/1.1758301},
  keywords = {thermal conductivity; phonon-phonon interactions; electron-phonon
	interactions; interface phonons},
  publisher = {AIP},
  url = {http://link.aip.org/link/?APL/84/4768/1}
}

@ARTICLE{majumder2005,
  author = {M. Majumder and N. Chopra and R. Andrews and B. J. Hinds},
  title = {Nanoscale hydrodynamics: {E}nhanced flow in carbon nanotubes},
  journal = {Nature},
  year = {2005},
  volume = {438},
  pages = {44}
}

@ARTICLE{malen2009,
  author = {J. A. Malen and P. Doak and K. Baheti and T. D. Tilley and R. A.
	Segalman and A. Majumdar},
  title = {Identifying the Length Dependence of Orbital Alignment and Contact
	Coupling in Molecular Heterojunctions},
  journal = {Nanoletters},
  year = {2009},
  volume = {9},
  pages = {1164-1169}
}

@INPROCEEDINGS{malen2009e,
  author = {J. A. Malen and A. Majumdar},
  title = {Thermal Conductivity Measurements using Fiber Aligned Thermal Interrogation
	(FATI)},
  booktitle = {Proceedings of IMECE 2009},
  year = {2009},
  organization = {ASME},
  note = {Paper number IMECE2009-12961}
}

@INPROCEEDINGS{malen2009d,
  author = {J. A. Malen and S. Yee and R. A. Segalman and A. Majumdar},
  title = {Thermoelectric Energy Conversion from Metal-Fullerene-Metal Heterojunctions},
  booktitle = {Proceedings of IMECE 2009},
  year = {2009},
  organization = {ASME},
  note = {Paper number IMECE2009-12965}
}

@ARTICLE{mao2001,
  author = {Z. Mao and S. B. Sinnott},
  title = {Separation of organic molecular mixtures in Carbon Nanotubes and
	Bundles: Molecular Dynamics Simulations},
  journal = {Journal of Physical Chemistry B},
  year = {2001},
  volume = {105},
  pages = {6916-6924}
}

@INCOLLECTION{maradudin1974,
  author = {A. A. Maradudin},
  booktitle = {Dynamical Properties of Solids, Volume 1},
  publisher = {Elsevier, New York},
  year = {1974},
  editor = {G. K. Horton and A. A. Maradudin},
  pages = {1-82}
}

@ARTICLE{maradudin1962,
  author = {Maradudin, A. A. and Fein, A. E.},
  title = {Scattering of Neutrons by an Anharmonic Crystal},
  journal = {Physical Review},
  year = {1962},
  volume = {128},
  pages = {2589--2608},
  doi = {10.1103/PhysRev.128.2589},
  numpages = {19},
  publisher = {American Physical Society}
}

@ARTICLE{marayuma1999,
  author = {S. Marayuma and T. Kimura},
  title = {A Study on Thermal Resistance over a Solid--Liquid Interface by the
	Molecular Dynamics Method},
  journal = {Thermal Science \& Engineering},
  year = {1999},
  volume = {7},
  pages = {63-68}
}

@ARTICLE{maruyama2003,
  author = {S. Maruyama},
  title = {A Molecular Dynamics Simulation of Heat Conduction of a Finite Length
	Single-Walled Carbon Nanotube},
  journal = {Microscale Thermophysical Engineering},
  year = {2003},
  volume = {7},
  pages = {41-50}
}

@MASTERSTHESIS{mts,
  author = {A. Mastersthesis},
  title = {{Thesis Title}},
  school = {University of Higher Education},
  year = {2003},
  type = {{MS Thesis}},
  address = {Cambridge, {MA}},
  month = {May},
  note = {See also URL \verb+http://www.abc.edu+}
}

@ARTICLE{mazumder2001,
  author = {S. Mazumder and A. Majumdar},
  title = {Monte {C}arlo Study of Phonon Transport in Solid Thin Films Including
	Dispersion and Polarization},
  journal = {Journal of Heat Transfer},
  year = {2001},
  volume = {123},
  pages = {749-759}
}

@ARTICLE{goodson2005,
  author = {A. D. McConnell and K. E. Goodson},
  title = {Thermal Conduction in Silicon Micro and Nanostructures},
  journal = {Annual Review of Heat Transfer},
  year = {2005},
  volume = {14},
  pages = {129-168}
}

@ARTICLE{mcgaughey2006b,
  author = {A. J. H. McGaughey and M. I. Hussein and E. S. Landry and M. Kaviany
	and G. M. Hulbert},
  title = {Phonon Band Structure and Thermal Transport Correlation in a Layered
	Diatomic Crystal},
  journal = {Physical Review B},
  year = {2006},
  volume = {74},
  pages = {104304}
}

@ARTICLE{mcgaughey:061911,
  author = {Alan J. H. McGaughey and Ankit Jain},
  title = {Nanostructure thermal conductivity prediction by Monte Carlo sampling
	of phonon free paths},
  journal = {Applied Physics Letters},
  year = {2012},
  volume = {100},
  pages = {061911},
  number = {6},
  eid = {061911},
  doi = {10.1063/1.3683539},
  keywords = {elemental semiconductors; Monte Carlo methods; nanostructured materials;
	phonons; semiconductor thin films; silicon; thermal conductivity},
  numpages = {3},
  publisher = {AIP},
  url = {http://link.aip.org/link/?APL/100/061911/1}
}

@INCOLLECTION{mcgaughey2006c,
  author = {A. J. H. McGaughey and M. Kaviany},
  title = {Phonon transport in molecular dynamics simulations: Formulation and
	thermal conductivity prediction},
  booktitle = {Advances in Heat Transfer, Volume 39},
  publisher = {Elsevier},
  year = {2006},
  editor = {G. A. Greene and Y. I. Cho and J. P. Hartnett and A. Bar-Cohen},
  pages = {169-255}
}

@ARTICLE{mcgaughey2005,
  author = {A. J. H. McGaughey and M. Kaviany},
  title = {Observation and Description of Phonon Interactions in Molecular Dynamics
	Simulations},
  journal = {Physical Review B},
  year = {2005},
  volume = {71},
  pages = {184305}
}

@ARTICLE{mcgaughey2004a,
  author = {A. J. H. McGaughey and M. Kaviany},
  title = {Thermal conductivity decomposition and analysis using molecular dynamics
	simulations. {P}art {I}. {L}ennard-{J}ones argon},
  journal = {International Journal of Heat and Mass Transfer},
  year = {2004},
  volume = {47},
  pages = {1783-1798}
}

@ARTICLE{mcgaughey2004b,
  author = {A. J. H. McGaughey and M. Kaviany},
  title = {Thermal conductivity decomposition and analysis using molecular dynamics
	simulations. {P}art {II}. {C}omplex Silica Structures},
  journal = {International Journal of Heat and Mass Transfer},
  year = {2004},
  volume = {47},
  pages = {1799-1816}
}

@ARTICLE{mcgaughey2004c,
  author = {A. J. H. McGaughey and M. Kaviany},
  title = {Quantitative Validation of the {B}oltzmann Transport Equation Phonon
	Thermal Conductivity Model Under the Single-mode Relaxation Time
	Approximation},
  journal = {Physical Review B},
  year = {2004},
  volume = {69},
  pages = {094303}
}

@ARTICLE{mcgaughey2011a,
  author = {A. J. H. McGaughey and E. S. Landry and D. P. Sellan and C. H. Amon},
  title = {Size-dependent model for thin film and nanowire thermal conductivity},
  journal = {Applied Physics Letters},
  year = {2011},
  volume = {99},
  pages = {131904}
}

@INPROCEEDINGS{mcgaughey2006,
  author = {A. J. H. McGaughey and J. Li},
  title = {Molecular Dynamics Prediction of the Thermal Resistance of Solid--Solid
	Interfaces in Superlattices},
  booktitle = {Proceedings of IMECE 2006},
  year = {2006},
  organization = {ASME},
  note = {Paper number IMECE2006-13590}
}

@INPROCEEDINGS{mcgaughey2008,
  author = {A. J. H. McGaughey and J. J. Michalek},
  title = {Wiki-based learning in the mechanical engineering classroom},
  booktitle = {Proceedings of ASEE Annual Conference and Exposition 2008},
  year = {2008},
  organization = {ASEE},
  note = {Paper number 2008-1627}
}

@ARTICLE{Larkin2012,
  author = {J. M. Larkin J. E. Turney A. D. Massicotte C. H. Amon A. J. H. McGaughey},
  title = {Comparison and Evaluation of Spectral Energy Methods for Predicting
	Phonon Properties},
  journal = {in submission},
  year = {2012}
}

@BOOK{mcquarrie2000,
  title = {Statistical Mechanics},
  publisher = {University Science Books, Sausalito},
  year = {2000},
  author = {D. A. McQuarrie}
}

@ARTICLE{meng2007,
  author = {F. Y. Meng and S. Ogata amd D. S. Xu and Y. Shibutani and S. Q. Shi},
  title = {Thermal conductivity of an ultrathin carbon nanotube with an {X}-shaped
	junction},
  journal = {Physical Review B},
  year = {2007},
  volume = {75},
  pages = {205403}
}

@ARTICLE{meyer1998,
  author = {Meyer, B. and Schott, V. and F\"ahnle, M. },
  title = {Phonon spectrum of B2-FeAl: Ab initio calculation and comparison
	with data from inelastic neutron scattering},
  journal = {Physical Review B},
  year = {1998},
  volume = {58},
  pages = {R14673--R14676},
  number = {22},
  month = {Dec},
  doi = {10.1103/PhysRevB.58.R14673},
  numpages = {3},
  publisher = {American Physical Society}
}

@ARTICLE{michalski1992,
  author = {J. Michalski},
  title = {Thermal Conductivity of amorphous solids above the plateau: Molecular-dynamics
	study},
  journal = {Physical Review B},
  year = {1992},
  volume = {45},
  pages = {7054ï¿½7065}
}

@INPROCEEDINGS{mikkilineni2007,
  author = {S. Mikkilineni and E. S. Landry and A. J. H. McGaughey},
  title = {Subcritical and supercritical nanodroplet evaporation: A molecular
	dynamics investigation},
  booktitle = {Proceedings of SHTC 2007},
  year = {2007},
  organization = {ASME},
  note = {Paper number HT2007-32418}
}

@ARTICLE{mingo2006,
  author = {N. Mingo},
  title = {Anharmonic phonon flow through molecular-sized junctions},
  journal = {Physical Review B},
  year = {2006},
  volume = {74},
  pages = {125402}
}

@ARTICLE{mingo2005,
  author = {N. Mingo and D. A. Broido},
  title = {Length Dependence of Carbon Nanotube Thermal Conductivity and the
	Problem of Long Waves},
  journal = {Nano Letters},
  year = {2005},
  volume = {5},
  pages = {1221-1225}
}

@ARTICLE{minnich2009b,
  author = {A. J. Minnich and M. S. Dresselhaus and F. Ren and G. Chen},
  title = {Bulk nanostructured thermoelectric materials: current research and
	future prospects},
  journal = {Energy and Environmental Sciences},
  year = {2009},
  volume = {2},
  pages = {466-479}
}

@ARTICLE{B822664B,
  author = {Minnich, A. J. and Dresselhaus, M. S. and Ren, Z. F. and Chen, G.},
  title = {Bulk nanostructured thermoelectric materials: current research and
	future prospects},
  journal = {Energy Environ. Sci.},
  year = {2009},
  volume = {2},
  pages = {-},
  doi = {10.1039/B822664B},
  issue = {5},
  publisher = {The Royal Society of Chemistry},
  url = {http://dx.doi.org/10.1039/B822664B}
}

@ARTICLE{minnich2009,
  author = {A. J. Minnich and H. Lee and X. W. Wang and G. Joshi and M. S. Dresselhaus
	and Z. F. Ren and G. Chen and D. Vashaee},
  title = {Modeling study of thermoelectric SiGe nanocomposites},
  journal = {Physical Review B (Condensed Matter and Materials Physics)},
  year = {2009},
  volume = {80},
  pages = {155327},
  number = {15},
  eid = {155327},
  doi = {10.1103/PhysRevB.80.155327},
  keywords = {Boltzmann equation; Ge-Si alloys; grain boundaries; grain boundary
	segregation; nanocomposites; phonons; Poisson equation; precipitation;
	Seebeck effect; semiconductor materials},
  numpages = {14},
  publisher = {APS},
  url = {http://link.aps.org/abstract/PRB/v80/e155327}
}

@ARTICLE{mirza2008,
  author = {S. M. Mirza and H. Grebel},
  title = {Thermoelectric properties of aligned carbon nanotubes},
  journal = {Applied Physics Letters},
  year = {2008},
  volume = {92},
  pages = {203116}
}

@MISC{mis,
  author = {A. Misc},
  title = {Miscellaneous {T}itle},
  howpublished = {On the WWW},
  month = {May},
  year = {2003},
  note = {URL \verb+http://www.abc.edu+}
}

@ARTICLE{mishin1999,
  author = {Y. Mishin and D. Farkas and M. J. Mehl and D. A. Papaconstantopoulos},
  title = {Interatomic Potentials for Monoatomic Metals from Experimental Data
	and Ab Initio Calculations},
  journal = {Physical Review B},
  year = {1999},
  volume = {59},
  pages = {3393-3407}
}

@ARTICLE{mishin2001,
  author = {Y. Mishin and M. J. Mehl and D. A. Papaconstantopoulos and A. F.
	Voter and J. D. Kress},
  title = {Structural Stability and Lattice Defects in Copper: Ab Initio, Tight-Binding,
	and Embedded-Atom Calculations},
  journal = {Physical Review B},
  year = {2001},
  volume = {63},
  pages = {224106}
}

@ARTICLE{Miyamoto1994117,
  author = {A. Miyamoto and M. Kubo},
  title = {Structure and Dynamics of Ion-exchanged Zeolites as Investigated
	by Molecular Dynamics and Computer Graphics},
  year = {1994},
  volume = {83},
  pages = {117 - 124},
  booktitle = {Zeolites and Microporous Crystals Proceedings of the International
	Symposium on Zeolites and Microporous Crystals},
  doi = {10.1016/S0167-2991(08)63249-8},
  editor = {Tadashi Hattori and Tatsuaki Yashima},
  issn = {0167-2991},
  publisher = {Elsevier},
  series = {Studies in Surface Science and Catalysis},
  url = {http://www.sciencedirect.com/science/article/pii/S0167299108632498}
}

@ARTICLE{Christensen2008,
  author = {Mogens Christensen, Asger B. Abrahamsen, Niels B. Christensen, Fanni
	Juranyi, Niels H. Andersen, Kim Lefmann, Jakob Andreasson, Christian
	R. H. Bahl and Bo B. Iversen},
  title = {Avoided crossing of rattler modes in thermoelectric materials},
  journal = {Nature Materials},
  year = {2008},
  volume = {7},
  pages = {811-815}
}

@ARTICLE{Moon_2002,
  author = {Moon, S},
  title = {Thermal conductivity of amorphous silicon thin films},
  journal = {International Journal of Heat and Mass Transfer},
  year = {2002},
  volume = {45},
  pages = {2439--2447},
  number = {12},
  publisher = {Elsevier Science Ltd},
  url = {http://linkinghub.elsevier.com/retrieve/pii/S0017931001003477}
}

@ARTICLE{moreland2004,
  author = {J. F. Moreland and J. B. Freund and G. Chen},
  title = {The Disparate Thermal Conductivity of Carbon Nanotubes and Diamond
	Nanowires Studied by Atomistic Simulation},
  journal = {Microscale Thermophysical Engineering},
  year = {2004},
  volume = {8},
  pages = {61-69}
}

@ARTICLE{mukhopadhyah2006,
  author = {R. Mukhopadhyah},
  title = {What does nanofluidics have to offer? {P}lenty, say experts},
  journal = {Analytical Chemistry},
  year = {2006},
  volume = {November 1, 2006},
  pages = {7379-7382}
}

@ARTICLE{murdick2006,
  author = {D. A. Murdick and X. W. Zhou and H. N. G. Wadley and D. Nguyen-Manh
	and R. Drautz and D. G. Pettifor},
  title = {Analytic Bond-Order Potential for the Gallium Arsenide System},
  journal = {Physical Review B},
  year = {2006},
  volume = {73},
  pages = {045206}
}

@ARTICLE{murphy1980,
  author = {J. C. Murphy and L. C. Aamodt},
  title = {Photothermal spectroscopy using optical beam probing: Mirage effect},
  journal = {Journal of Applied Physics},
  year = {1980},
  volume = {51},
  pages = {4580-4588},
  number = {9},
  doi = {10.1063/1.328350},
  keywords = {OPTICAL PROPERTIES; TEMPERATURE EFFECTS; PROBES; RADIATION HEATING;
	HEATING; SURFACES; PHOTOACOUSTIC SPECTROSCOPY; OPACITY; SOLIDS; LIQUIDS;
	COMPARATIVE EVALUATIONS; MATHEMATICAL MODELS; DATA},
  publisher = {AIP},
  url = {http://link.aip.org/link/?JAP/51/4580/1}
}

@ARTICLE{myshakin2009,
  author = {E. Myshakin and H. Jiang and R. Warzinski and K. D. Jordan},
  title = {Molecular Dynamics Simulations of Methane Hydrate Decomposition},
  journal = {Journal of Physical Chemistry A},
  year = {2009},
  volume = {113},
  pages = {1913-1921}
}

@ARTICLE{nagayama2004,
  author = {G. Nagayama and P. Cheng},
  title = {Effects of interface wettability on microscale flow by molecular
	dynamics simulation},
  journal = {International Journal of Heat and Mass Transfer},
  year = {2004},
  volume = {47},
  pages = {501-513}
}

@ARTICLE{nam1997,
  author = {Ok-Hyun Nam and Michael D. Bremser and Tsvetanka S. Zheleva and Robert
	F. Davis},
  title = {Lateral epitaxy of low defect density GaN layers via organometallic
	vapor phase epitaxy},
  journal = {Applied Physics Letters},
  year = {1997},
  volume = {71},
  pages = {2638-2640},
  number = {18},
  doi = {10.1063/1.120164},
  keywords = {gallium compounds; III-V semiconductors; wide band gap semiconductors;
	semiconductor epitaxial layers; vapour phase epitaxial growth; semiconductor
	growth; dislocation density; surface topography},
  publisher = {AIP},
  url = {http://link.aip.org/link/?APL/71/2638/1}
}

@ARTICLE{nan1998,
  author = {C.-W. Nan and R. Birringer},
  title = {Determining the {K}apitza resistance and the Thermal Conductivity
	of Polycrystals: A Simple Model},
  journal = {Physical Review B},
  year = {1998},
  volume = {57},
  pages = {8264-8268}
}

@ARTICLE{doi:10.1021/ar000034b,
  author = {J.M. Newsam},
  title = {The Zeolite Cage Structure},
  journal = {Science},
  year = {1986},
  volume = {231},
  pages = {1093-1099},
  number = {4742}
}

@ARTICLE{ni2006,
  author = {Z. Ni and Q. Li and D. Zhu and J. Gong},
  title = {Fabrication of carbon nanowire networks by {Si} ion beam irradiation},
  journal = {Applied Physics Letters},
  year = {2006},
  volume = {89},
  pages = {053107}
}

@ARTICLE{nilsson1972,
  author = {Nilsson, G. and Nelin, G. },
  title = {Study of the Homology between Silicon and Germanium by Thermal-Neutron
	Spectrometry},
  journal = {Physical Review B},
  year = {1972},
  volume = {6},
  pages = {3777--3786},
  number = {10},
  month = {Nov},
  doi = {10.1103/PhysRevB.6.3777},
  numpages = {9},
  publisher = {American Physical Society}
}

@ARTICLE{noy2007,
  author = {A. Noya and H. G. Park and F. Fornasiero and J. K. Holt and C. P.
	Grigoropoulos and O. Bakajina},
  title = {Nanofluidics in carbon nanotubes},
  journal = {NanoToday},
  year = {2007},
  volume = {2},
  pages = {22-29}
}

@ARTICLE{O'Keeffe20003,
  author = {M. O'Keeffe and M. Eddaoudi and Hailian Li and T. Reineke and O.M.
	Yaghi},
  title = {Frameworks for Extended Solids: Geometrical Design Principles},
  journal = {Journal of Solid State Chemistry},
  year = {2000},
  volume = {152},
  pages = {3 - 20},
  number = {1},
  doi = {10.1006/jssc.2000.8723},
  issn = {0022-4596},
  url = {http://www.sciencedirect.com/science/article/pii/S0022459600987231}
}

@ARTICLE{oh2005,
  author = {S. H. Oh and Y. Kauffmann and C. Scheu and W. D. Kaplan and M. Ruhle},
  title = {Ordered Liquid Aluminum at the Interface with Sapphire},
  journal = {Science},
  year = {2005},
  volume = {310},
  pages = {661-663}
}

@ARTICLE{ohara1999a,
  author = {T. Ohara},
  title = {Intermolecular energy transfer in liquid water and its contribution
	to heat conduction: A molecular dynamics study},
  journal = {Journal of Chemical Physics},
  year = {1999},
  volume = {111},
  pages = {6492-6500}
}

@ARTICLE{ohara1999b,
  author = {T. Ohara},
  title = {Contribution of intermolecular energy transfer to heat conduction
	in a simple liquid},
  journal = {Journal of Chemical Physics},
  year = {1999},
  volume = {111},
  pages = {9667-9672}
}

@ARTICLE{ohara2001,
  author = {T. Ohara and D. Suzuki},
  title = {Intermolecular momentum transfer in a simple liquid and its contribution
	to shear viscosity},
  journal = {Microscale Thermophysical Engineering},
  year = {2001},
  volume = {5},
  pages = {117-130}
}

@ARTICLE{ohara2000,
  author = {T. Ohara and D. Suzuki},
  title = {Intermolecular energy transfer at a solid--liquid interface},
  journal = {Microscale Thermophysical Engineering},
  year = {2000},
  volume = {4},
  pages = {189-196}
}

@ARTICLE{ohara2005a,
  author = {T. Ohara and D. Torii},
  title = {Molecular thermal phenomena in an ultrathin lubrication liquid film
	of linear molecules between solid surfaces},
  journal = {Microscale Thermophysical Engineering},
  year = {2005},
  volume = {9},
  pages = {265-279}
}

@ARTICLE{ohara2005b,
  author = {T. Ohara and D. Torii},
  title = {Molecular dynamics study of thermal phenomena in an ultrathin liquid
	film sheared between solid surfaces: The influence of the crystal
	plane on energy and momentum transfer at solid--liquid interfaces},
  journal = {Journal of Chemical Physics},
  year = {2005},
  volume = {122},
  pages = {214717}
}

@ARTICLE{ohara2003,
  author = {T. Ohara and T. Yatsunami},
  title = {Energy and momentum transfer in an ultrathin liquid film under shear
	between solid surfaces},
  journal = {Microscale Thermophysical Engineering},
  year = {2003},
  volume = {7},
  pages = {1-13}
}

@ARTICLE{ohsone1999,
  author = {Y. Ohsone and G. Wu and J. Dryden and F. Zok and A. Majumdar},
  title = {Optical measurement of thermal conductance between wafer-like thin
	solid samples},
  journal = {Journal of Heat Transfer},
  year = {1999},
  volume = {121},
  pages = {954-963}
}

@ARTICLE{oliver:1542,
  author = {D. W. Oliver and G. A. Slack},
  title = {Ultrasonic Attenuation in Insulators at Room Temperature},
  journal = {Journal of Applied Physics},
  year = {1966},
  volume = {37},
  pages = {1542-1548},
  number = {4},
  doi = {10.1063/1.1708564},
  publisher = {AIP},
  url = {http://link.aip.org/link/?JAP/37/1542/1}
}

@ARTICLE{omini1997,
  author = {M. Omini and A. Sparavigna},
  title = {Thermal Conductivity of dielectric solids with diamond structure},
  journal = {Nuovo Cimento D},
  year = {1997},
  volume = {19},
  pages = {1537}
}

@ARTICLE{omini1996,
  author = {M. Omini and A. Sparavigna},
  title = {Beyond the isotropic assumption in the theory of thermal conductivity},
  journal = {Physical Review B},
  year = {1996},
  volume = {53},
  pages = {9064-9073}
}

@ARTICLE{omini1993,
  author = {M. Omini and A. Sparavigna},
  title = {Thermal Conductivity of Rare Gas Crystals: The Role of Three-Phonon
	Processes},
  journal = {Philosophical Magazine B},
  year = {1993},
  volume = {68},
  pages = {767-785}
}

@ARTICLE{onda2005,
  author = {K. Onda and B. Li and J. Zhao and K. D. Jordan and J. Yang and H.
	Petek},
  title = {Wet Electrons at the {H}$_2${O}/{T}i{O}$_2$(110) Surface},
  journal = {Science},
  year = {2005},
  volume = {308},
  pages = {1154-1158}
}

@ARTICLE{shiomi2011b,
  author = {Zhun-Yong Ong and Eric Pop and Junichiro Shiomi},
  title = {Reduction of phonon lifetimes and thermal conductivity of a carbon
	nanotube on amorphous silica},
  journal = {Physical Review B},
  year = {2011},
  volume = {84},
  pages = {165418},
  number = {16},
  doi = {10.1103/PhysRevB.84.104302},
  publisher = {APS}
}

@ARTICLE{osman2001,
  author = {M. A. Osman and D. Srivastava},
  title = {Temperature Dependence of the Thermal Conductivity of Single-Wall
	Carbon Nanotubes},
  journal = {Nanotechnology},
  year = {2001},
  volume = {12},
  pages = {21-24}
}

@ARTICLE{oyabu2003,
  author = {N. Oyabu and O. Custance and I. Yi and Y. Sugawara and S. Morita},
  title = {Mechanical Vertical Manipulation of Selected Single Atoms by Soft
	Nanoindentation Using Near Contact Atomic Force Microscopy},
  journal = {Physical Review Letters},
  year = {2003},
  volume = {90},
  pages = {176102}
}

@ARTICLE{paddock1986,
  author = {Carolyn A. Paddock and Gary L. Eesley},
  title = {Transient thermoreflectance from thin metal films},
  journal = {Journal of Applied Physics},
  year = {1986},
  volume = {60},
  pages = {285-290},
  number = {1},
  doi = {10.1063/1.337642},
  keywords = {THERMAL DIFFUSION; THERMAL DIFFUSIVITY; THERMOREFLECTANCE; MEASURING
	METHODS; NICKEL; THIN FILMS; SPUTTERING; PS RANGE; LASERRADIATION
	HEATING; HEAT FLOW},
  publisher = {AIP},
  url = {http://link.aip.org/link/?JAP/60/285/1}
}

@ARTICLE{padgett2004,
  author = {C. W. Padgett and D. W. Brenner},
  title = {Influence of Chemisorption on the Thermal Conductivity of Single-Wall
	Carbon Nanotubes},
  journal = {Nano Letters},
  year = {2004},
  volume = {4},
  pages = {1051-1053}
}

@ARTICLE{pandolfo2006,
  author = {A. G. Pandolfo and A. F. Hollenkamp},
  title = {Carbon properties and their role in supercapacitors},
  journal = {Journal of Power Sources},
  year = {2006},
  volume = {157},
  pages = {11-27}
}

@ARTICLE{papadopoulos2000,
  author = {C. Papadopoulos and A. Rakitin and J. Li and A. S. Vedeneev and J.
	M. Xu},
  title = {Electronic Transport in {Y}-Junction Carbon Nanotubes},
  journal = {Physical Review Letters},
  year = {2000},
  volume = {85},
  pages = {3476-3479}
}

@ARTICLE{park2006,
  author = {J. H. Park and S. B. Sinnott and N. R. Aluru},
  title = {Ion separation using a {Y}-junction carbon nanotube},
  journal = {Nanotechnology},
  year = {2006},
  volume = {17},
  pages = {895-900}
}

@ARTICLE{parker2007,
  author = {K. R. Parker and J. T. Chao},
  title = {Wiki as a teaching tool},
  journal = {Interdisciplinary Journal of Knowledge and Learning Objects},
  year = {2007},
  volume = {3},
  pages = {57-72}
}

@ARTICLE{parker1961,
  author = {W. J. Parker and R. J. Jenkins and C. P. Butler and G. L. Abbott},
  title = {Flash Method of Determining Thermal Diffusivity, Heat Capacity, and
	Thermal Conductivity},
  journal = {Journal of Applied Physics},
  year = {1961},
  volume = {32},
  pages = {1679-1684},
  number = {9},
  doi = {10.1063/1.1728417},
  publisher = {AIP},
  url = {http://link.aip.org/link/?JAP/32/1679/1}
}

@ARTICLE{parr1983,
  author = {Parr, R G},
  title = {Density Functional Theory},
  journal = {Annual Review of Physical Chemistry},
  year = {1983},
  volume = {34},
  pages = {631-656},
  number = {1},
  doi = {10.1146/annurev.pc.34.100183.003215},
  eprint = {http://arjournals.annualreviews.org/doi/pdf/10.1146/annurev.pc.34.100183.003215},
  url = {http://arjournals.annualreviews.org/doi/abs/10.1146/annurev.pc.34.100183.003215}
}

@BOOK{parr1989,
  title = {Density Functional Theory of Atoms and Molecules},
  publisher = {Oxford University Press, Oxford},
  year = {1989},
  author = {R. G. Parr and W. Yang}
}

@ARTICLE{pasquarello1998,
  author = {A. Pasquarello and M. S. Hybertsen and R. Car},
  title = {Interface structure between silicon and its oxide by first-principles
	molecular dynamics},
  journal = {Nature},
  year = {1998},
  volume = {396},
  pages = {58-60}
}

@ARTICLE{patel2005,
  author = {H. A. Patel and S. Garde and P. Keblinksi},
  title = {Thermal Resistance of Nanoscopic Liquid-liquid Interfaces: Dependence
	on Chemistry and Molecular Architecture},
  journal = {Nano Letters},
  year = {2005},
  volume = {5},
  pages = {2225-2231}
}

@ARTICLE{Patel2005,
  author = {H. A. Patel and S. Garde and P. Keblinski},
  title = {Thermal Resistance of Nanoscopic Liquid-Liquid Interfaces: Dependence
	on Chemistry and Molecular Architecture},
  journal = {Nanoletters},
  year = {2005},
  volume = {5},
  pages = {2225-2231}
}

@ARTICLE{paul2004,
  author = {D. J. Paul},
  title = {{S}i/{S}i{G}e heterostructures: from material and physics to devices
	and circuits},
  journal = {Semiconductor Science and Technology},
  year = {2004},
  volume = {19},
  pages = {R75-R108}
}

@ARTICLE{pavone2001,
  author = {P. Pavone},
  title = {Old and new aspects in lattice-dynamical theory},
  journal = {Journal of Physics: Condensed Matter},
  year = {2001},
  volume = {13},
  pages = {7593-7610}
}

@ARTICLE{peng2007,
  author = {W. Peng and M. M. Roberts and E. P. Nordberg and F. S. Flack and
	P. E. Colavita and R. J. Hamers and D. E. Savage and M. G. Lagally
	and M. A. Eriksson},
  title = {Single-crystal silicon/silicon dioxide multilayer heterostructures
	based on nanomembrane transfer},
  journal = {Applied Physics Letters},
  year = {2007},
  volume = {90},
  pages = {183107}
}

@ARTICLE{petroff2001,
  author = {P. M. Petroff and A. Lorke and A. Imamoglu},
  title = {Epitaxially Self-Assembled Quantum Dots},
  journal = {Physics Today},
  year = {2001},
  volume = {54},
  pages = {46-},
  month = {May}
}

@ARTICLE{petersson1990,
  author = {Pettersson, S. and Mahan, G. D.},
  title = {Theory of the thermal boundary resistance between dissimilar lattices},
  journal = {Physical Review B},
  year = {1990},
  volume = {42},
  pages = {7386--7390},
  number = {12},
  month = {Oct},
  doi = {10.1103/PhysRevB.42.7386},
  numpages = {4},
  publisher = {American Physical Society}
}

@ARTICLE{pettersson1990,
  author = {S. Pettersson and G. D. Mahan},
  title = {Theory of Thermal Boundary Resistance Between Dissimilar Lattices},
  journal = {Physical Review B},
  year = {1990},
  volume = {42},
  pages = {7386-7390}
}

@PHDTHESIS{pts,
  author = {A. Phdthesis},
  title = {{Thesis Title}},
  school = {University of Higher Education},
  year = {2003},
  type = {{PhD Thesis}},
  address = {Cambridge, {MA}},
  month = {May},
  note = {See also URL \verb+http://www.abc.edu+}
}

@ARTICLE{phelan1998,
  author = {P. E. Phelan},
  title = {Application of diffuse mismatch theory to the prediction of thermal
	boundary resistance in thin-film high-Tc superconductors},
  journal = {Journal of Heat Transfer},
  year = {1998},
  volume = {120},
  pages = {37-43}
}

@ARTICLE{philip:752,
  author = {Jacob Philip and M. A. Breazeale},
  title = {Third-order elastic constants and Gr[u-umlaut]neisen parameters of
	silicon and germanium between 3 and 300 [degree]K},
  journal = {Journal of Applied Physics},
  year = {1983},
  volume = {54},
  pages = {752-757},
  number = {2},
  doi = {10.1063/1.332033},
  keywords = {silicon; germanium; grueneisen constant; elasticity; ultralow temperature;
	very low temperature; low temperature; medium temperature; temperature
	dependence; ultrasonic waves; nonlinear problems; harmonics; cubic
	lattices; velocity; mathematical models; experimental data},
  publisher = {AIP},
  url = {http://link.aip.org/link/?JAP/54/752/1}
}

@ARTICLE{phillips1971,
  author = {W. A. Phillips},
  title = {Tunneling states in amorphous solids},
  journal = {Physical Review B},
  year = {1971},
  volume = {7},
  pages = {351-360}
}

@ARTICLE{pickett1996,
  author = {W. E. Pickett and J. L. Feldman and J. Deppe},
  title = {Thermal Transport Across Boundaries in Diamond Structure Materials},
  journal = {Modeling Simul. Mater. Sci. Eng.},
  year = {1996},
  volume = {4},
  pages = {409-419}
}

@ARTICLE{piva2005,
  author = {P. G. Piva and I. V. Mitchell and H. Chen and R. M. Feenstra and
	G. C. Aers and P. J. Poole and S. Charbonneau},
  title = {In{G}a{A}s/{I}n{P} quantum well intermixing studied by high-resolution
	x-ray diffraction and grazing incidence x-ray analysis},
  journal = {Journal of Applied Physics},
  year = {2005},
  volume = {97},
  pages = {093519}
}

@ARTICLE{pop2006,
  author = {E. Pop and D. Mann and Q. Wang and K. Goodson and H. Dai},
  title = {Thermal Conductance of an Individual Single-Wall Carbon Nanotube
	Above Room Temperature},
  journal = {Nanoletters},
  year = {2006},
  volume = {6},
  pages = {96-100}
}

@ARTICLE{porter1997,
  author = {L. J. Porter and J. F. Justo and S. Yip},
  title = {The importance of {G}runeisen parameters in developing interatomic
	potentials},
  journal = {Journal of Applied Physics},
  year = {1997},
  volume = {82},
  pages = {5378-5381}
}

@ARTICLE{prasher2008,
  author = {R. Prasher},
  title = {Thermal boundary resistance and thermal conductivity of multiwalled
	carbon nanotubes},
  journal = {Physical Review B},
  year = {2008},
  volume = {77},
  pages = {075424}
}

@ARTICLE{prasher2001,
  author = {R. S. Prasher and P. E. Phelan},
  title = {A Scattering-Mediated Acoustic Mismatch Model for the Prediction
	of Thermal Boundary Resistance},
  journal = {Journal of Heat Transfer},
  year = {2001},
  volume = {123},
  pages = {105-112}
}

@BOOK{press1992,
  title = {Numerical Recipes in Fortran 77},
  publisher = {Cambridge University Press, Cambridge},
  year = {1992},
  author = {W. H. Press and S. A. Teukolsky and W. T. Vetterling and B. P. Flannery}
}

@ARTICLE{puech1986,
  author = {L. Puech and G. Bonfait and B. Castaing},
  title = {Mobility of the $^3${H}e solid--liquid interface: Experiment and
	Theory},
  journal = {Journal of Low Temperature Physics},
  year = {1986},
  volume = {62},
  pages = {315-327}
}

@ARTICLE{Purwanto08p114309,
  author = {Wirawan Purwanto and W. A. Al-Saidi and Henry Krakauer and Shiwei
	Zhang},
  title = {Eliminating spin contamination in auxiliary-field quantum Monte Carlo:
	Realistic potential energy curve of F[sub 2]},
  journal = {The Journal of Chemical Physics},
  year = {2008},
  volume = {128},
  pages = {114309},
  number = {11},
  eid = {114309},
  doi = {10.1063/1.2838983},
  keywords = {dissociation energies; fluorine; HF calculations; Monte Carlo methods;
	potential energy surfaces; quantum theory},
  numpages = {7},
  publisher = {AIP},
  url = {http://link.aip.org/link/?JCP/128/114309/1}
}

@ARTICLE{qiao2003,
  author = {R. Qiao and N. R. Aluru},
  title = {Atypical Dependence of Electroosmotic Transport on Surface Charge
	in a Single-wall Carbon Nanotube},
  journal = {Nano Letters},
  year = {2003},
  volume = {3},
  pages = {1013-1017}
}

@ARTICLE{qiu2011,
  author = {Bo Qiu and Hua Bao and Gengqiang Zhang and Yue Wub and Xiulin Ruan},
  title = {Molecular dynamics simulations of lattice thermal conductivity and
	spectral phonon mean free path of PbTe: Bulk and nanostructures},
  journal = {Computational Materials Science},
  year = {2011},
  volume = {53},
  pages = {278ï¿½285}
}

@ARTICLE{qiu:063713,
  author = {P. F. Qiu and J. Yang and R. H. Liu and X. Shi and X. Y. Huang and
	G. J. Snyder and W. Zhang and L. D. Chen},
  title = {High-temperature electrical and thermal transport properties of fully
	filled skutterudites RFe[sub 4]Sb[sub 12] (R = Ca, Sr, Ba, La, Ce,
	Pr, Nd, Eu, and Yb)},
  journal = {Journal of Applied Physics},
  year = {2011},
  volume = {109},
  pages = {063713},
  number = {6},
  eid = {063713},
  doi = {10.1063/1.3553842},
  keywords = {barium compounds; calcium compounds; cerium compounds; electrical
	conductivity; europium compounds; high-temperature effects; iron
	compounds; lanthanum compounds; lattice constants; neodymium compounds;
	praseodymium compounds; Seebeck effect; semiconductor materials;
	skutterudites; strontium compounds; thermal conductivity; ytterbium
	compounds},
  numpages = {8},
  publisher = {AIP},
  url = {http://link.aip.org/link/?JAP/109/063713/1}
}

@ARTICLE{rantala1993,
  author = {J. Rantala and Lanhua Wei and P. K. Kuo and J. Jaarinen and M. Luukkala
	and R. L. Thomas},
  title = {Determination of thermal diffusivity of low-diffusivity materials
	using the mirage method with multiparameter fitting},
  journal = {Journal of Applied Physics},
  year = {1993},
  volume = {73},
  pages = {2714-2723},
  number = {6},
  doi = {10.1063/1.353044},
  keywords = {RARE EARTHS; CERAMICS; POLYMERS; THERMAL DIFFUSIVITY; MEASURING METHODS;
	SENSITIVITY; FOILS; ANISOTROPY; OPTICAL IDENTIFICATION},
  publisher = {AIP},
  url = {http://link.aip.org/link/?JAP/73/2714/1}
}

@BOOK{rapaport2004,
  title = {The Art of Molecular Dynamics Simulation},
  publisher = {Cambridge University Press, Cambridge},
  year = {2004},
  author = {D. C. Rapaport}
}

@ARTICLE{reddy2005,
  author = {P. Reddy and K. Castelino and A. Majumdar},
  title = {Diffuse mismatch model of thermal boundary conductance using exact
	phonon dispersion},
  journal = {Applied Physics Letters},
  year = {2005},
  volume = {87},
  pages = {211908}
}

@ARTICLE{rego1998,
  author = {L. G. C. Rego and G. Kirczenow},
  title = {Quantized thermal conductance of dielectric quantum wires},
  journal = {Physical Review Letters},
  year = {1998},
  volume = {1998},
  pages = {232-235}
}

@BOOK{reid1987,
  title = {The Properties of Gases and Liquids (4th Edition)},
  publisher = {McGraw Hill, New York},
  year = {1987},
  author = {R. C. Reid and J. M. Prausnitz and B. E. Poling}
}

@ARTICLE{reifenberg2008,
  author = {Reifenberg, J.P. and Kencke, D.L. and Goodson, K.E.},
  title = {The Impact of Thermal Boundary Resistance in Phase-Change Memory
	Devices},
  journal = {Electron Device Letters, IEEE},
  year = {2008},
  volume = {29},
  pages = {1112-1114},
  number = {10},
  month = {Oct. },
  doi = {10.1109/LED.2008.2003012},
  issn = {0741-3106},
  keywords = {phase change materials, random-access storage, thermal conductivity,
	thermal resistanceelectrothermal simulations, interface resistance,
	nonvolatile memories, phase-change memory devices, thermal boundary
	resistance, thermal conduction}
}

@ARTICLE{reifenberg2007,
  author = {John P. Reifenberg and Matthew A. Panzer and SangBum Kim and Aaron
	M. Gibby and Yuan Zhang and Simon Wong and H.-S. Philip Wong and
	Eric Pop and Kenneth E. Goodson},
  title = {Thickness and stoichiometry dependence of the thermal conductivity
	of GeSbTe films},
  journal = {Applied Physics Letters},
  year = {2007},
  volume = {91},
  pages = {111904},
  number = {11},
  eid = {111904},
  doi = {10.1063/1.2784169},
  keywords = {amorphous semiconductors; antimony compounds; germanium compounds;
	phase change materials; semiconductor thin films; solid-state phase
	transformations; stoichiometry; thermal conductivity},
  numpages = {3},
  publisher = {AIP},
  url = {http://link.aip.org/link/?APL/91/111904/1}
}

@ARTICLE{reisner2005,
  author = {W. Reisner and K. J. Morton and R. Riehn and Y. M. Wang and Z. Yu
	and M. Rosen and J. C. Sturm and S. Y. Chou and E. Frey and R. H.
	Austin},
  title = {Statics and Dynamics of Single {D}{N}{A} Molecules Confined in Nanochannels},
  journal = {Physical Review Letters},
  year = {2005},
  volume = {94},
  pages = {196101}
}

@ARTICLE{rick2004,
  author = {S. W. Rick},
  title = {A reoptimization of the five-site water potential ({TIP5P}) for use
	with {E}wald sums},
  journal = {Journal of Chemical Physics},
  year = {2004},
  volume = {120},
  pages = {6085-6093}
}

@ARTICLE{roberts2008,
  author = {D. Roberts and G. Triplett},
  title = {Tuning nonlinear susceptibility in strained {AlGaAs/InGaAs} quantum
	cascade lasers},
  journal = {Solid-State Electronics},
  year = {2008},
  volume = {52},
  pages = {1669-1673}
}

@ARTICLE{rosenbaum2007,
  author = {E. J. Rosenbaum and N. J. English and J. K. Johnson and D. W. Shaw
	and R. P. Warzinski},
  title = {Thermal Conductivity of Methane Hydrate from Experiment and Molecular
	Simulation},
  journal = {Journal of Physical Chemistry B},
  year = {2007},
  volume = {111},
  pages = {13194-13205}
}

@ARTICLE{rosencwaig1985,
  author = {Allan Rosencwaig and Jon Opsal and W. L. Smith and D. L. Willenborg},
  title = {Detection of thermal waves through optical reflectance},
  journal = {Applied Physics Letters},
  year = {1985},
  volume = {46},
  pages = {1013-1015},
  number = {11},
  doi = {10.1063/1.95794},
  keywords = {THIN FILMS; THICKNESS; NONDESTRUCTIVE TESTING; MICROELECTRONICS; LASERRADIATION
	HEATING; INTERFEROMETRY; DEFORMATION; OPTICAL REFLECTION; WAVE PROPAGATION;
	METALS; TITANIUM; TUNGSTEN; SILICON; THERMOOPTICAL EFFECTS},
  publisher = {AIP},
  url = {http://link.aip.org/link/?APL/46/1013/1}
}

@ARTICLE{rosi2003,
  author = {N. L. Rosi and J. Eckert and M. Eddaoudi and D. T. Vodak and J. Kim
	and M. Oï¿½Keeffe and O. M. Yaghi},
  title = {Hydrogen storage in microporous metalorganic frameworks},
  journal = {Science},
  year = {2003},
  volume = {300},
  pages = {1127}
}

@ARTICLE{rossi2004,
  author = {M. P. Rossi and H. Ye and Y. Gogotsi and S. Babu and P. Ndungu and
	J.-C. Bradley},
  title = {Environmental Scanning Electron Microscopy Study of Water in Carbon
	Nanopipes},
  journal = {Nano Letters},
  year = {2004},
  volume = {4},
  pages = {989-993}
}

@BOOK{roth2004,
  title = {Rethinking Scientific Literacy},
  publisher = {RoutledgeFalmer, New York},
  year = {2004},
  author = {W. M. Roth and A. C. Barton}
}

@ARTICLE{PhysRevB.7.5379,
  author = {Roufosse, Micheline and Klemens, P. G.},
  title = {Thermal Conductivity of Complex Dielectric Crystals},
  journal = {Phys. Rev. B},
  year = {1973},
  volume = {7},
  pages = {5379--5386},
  month = {Jun},
  doi = {10.1103/PhysRevB.7.5379},
  issue = {12},
  publisher = {American Physical Society},
  url = {http://link.aps.org/doi/10.1103/PhysRevB.7.5379}
}

@ARTICLE{rovere1998,
  author = {M. Rovere and M. A. Ricci and D. Vellati and F. Bruni},
  title = {A molecular dynamics simulation of water confined in a cylindrical
	{S}i{O}$_2$ pore},
  journal = {Journal Chemical Physics},
  year = {1998},
  volume = {108},
  pages = {9859-9867}
}

@BOOK{rudin1987,
  title = {Real and Complex Analysis},
  publisher = {McGraw-Hill, New York},
  year = {1987},
  author = {W. Rudin}
}

@ARTICLE{Sales_Chakoumakos_Mandrus_Sharp_1999,
  author = {Sales, Brian C and Chakoumakos, B C and Mandrus, David and Sharp,
	J W},
  title = {Atomic displacement parameters and the lattice thermal conductivity
	of clathrate-like thermoelectric compounds},
  journal = {Journal of Solid State Chemistry},
  year = {1999},
  volume = {146},
  pages = {528--532},
  number = {2},
  publisher = {San Diego, Calif.: Academic Press, 1969-},
  url = {http://linkinghub.elsevier.com/retrieve/pii/S0022459699983548}
}

@ARTICLE{satishkumar2000,
  author = {B. C. Satishkumar and P. J. Thomas and A. Govindaraj and C. N. R.
	Rao},
  title = {{$Y$}-junction carbon nanotubes},
  journal = {Applied Physics Letters},
  year = {2000},
  volume = {77},
  pages = {2530-2532}
}

@ARTICLE{scheidemantel2003,
  author = {Scheidemantel, T. J. and Ambrosch-Draxl, C. and Thonhauser, T. and
	Badding, J. V. and Sofo, J. O.},
  title = {Transport coefficients from first-principles calculations},
  journal = {Physical Review B},
  year = {2003},
  volume = {68},
  pages = {125210},
  number = {12},
  month = {Sep},
  doi = {10.1103/PhysRevB.68.125210},
  numpages = {6},
  publisher = {American Physical Society}
}

@ARTICLE{schelling2003,
  author = {P. K. Schelling and S. R. Phillpot},
  title = {Multiscale Simulation of Phonon Transport in Superlattices},
  journal = {Journal of Applied Physics},
  year = {2003},
  volume = {93},
  pages = {5377-5387}
}

@ARTICLE{schelling2001,
  author = {P. K. Schelling and S. R. Phillpot},
  title = {Mechanism of Thermal Transport in Zirconia and Yttria-Stabilized
	Zirconia By Molecular-Dynamics Simulation},
  journal = {Journal of the American Chemical Society},
  year = {2001},
  volume = {84},
  pages = {2997-3007}
}

@ARTICLE{schelling2004,
  author = {P. K. Schelling and S. R. Phillpot and P. Keblinski},
  title = {Kapitza conductance and phonon scattering at grain boundaries by
	simulation},
  journal = {Journal of Applied Physics},
  year = {2004},
  volume = {95},
  pages = {6082-6091}
}

@ARTICLE{schelling2002,
  author = {P. K. Schelling and S. R. Phillpot and P. Keblinski},
  title = {Comparison of atomic-level simulation methods for computing thermal
	conductivity},
  journal = {Physical Review B},
  year = {2002},
  volume = {65},
  pages = {144306}
}

@ARTICLE{schelling2002b,
  author = {P. K. Schelling and S. R. Phillpot and P. Keblinski},
  title = {Phonon wave-packet dynamics at semiconductor interfaces by molecular-dynamics
	simulation},
  journal = {Applied Physics Letters},
  year = {2002},
  volume = {80},
  pages = {2484-2486}
}

@ARTICLE{schindall2007,
  author = {J. Schindall},
  title = {The charge of the ultracapacitors},
  journal = {IEEE Spectrum},
  year = {2007},
  volume = {44},
  pages = {42-46}
}

@ARTICLE{sellan2010a,
  author = {D. P. Sellan and E. S. Landry and J. E. Turney and A. J. H. McGaughey
	and C. H. Amon},
  title = {Size effects in molecular dynamics thermal conductivity prediction},
  journal = {Physical Review B},
  year = {2010},
  volume = {81},
  pages = {214305}
}

@ARTICLE{sellan2010b,
  author = {D. P. Sellan and J. E. Turney and A. J. H. McGaughey and C. H. Amon},
  title = {Cross-plane phonon transport in thin films},
  journal = {Journal of Applied Physics},
  year = {2010},
  volume = {108},
  pages = {113524}
}

@ARTICLE{sargeev1998,
  author = {Sergeev, A. V.},
  title = {Electronic Kapitza conductance due to inelastic electron-boundary
	scattering},
  journal = {Phys. Rev. B},
  year = {1998},
  volume = {58},
  pages = {R10199--R10202},
  number = {16},
  month = {Oct},
  doi = {10.1103/PhysRevB.58.R10199},
  numpages = {3},
  publisher = {American Physical Society}
}

@ARTICLE{shenogin2009,
  author = {Sergei Shenogin and Arun Bodapati and Pawel Keblinski and Alan J.
	H. McGaughey},
  title = {Predicting the thermal conductivity of inorganic and polymeric glasses:
	The role of anharmonicity},
  journal = {Journal of Applied Physics},
  year = {2009},
  volume = {105},
  pages = {034906},
  number = {3},
  doi = {10.1063/1.3073954},
  keywords = {amorphous semiconductors; elemental semiconductors; glass; Lennard-Jones
	potential; molecular dynamics method; polymers; silicon; silicon
	compounds; thermal conductivity},
  publisher = {AIP},
  url = {http://link.aip.org/link/?JAP/105/034906/1}
}

@ARTICLE{shenogin2004a,
  author = {S. Shenogin and A. Bodapati and L. Xue and R. Ozisik and P. Keblinski},
  title = {Effect of chemical functionalization on thermal transport of carbon
	nanotube composites},
  journal = {Applied Physics Letters},
  year = {2004},
  volume = {85},
  pages = {2229-2231}
}

@ARTICLE{shenogin2006,
  author = {S. Shenogin and P. Keblinski and D. Bedrov and G. D. Smith},
  title = {Thermal relaxation mechanism and role of chemical functionalization
	in fullerene solutions},
  journal = {Journal of Chemical Physics},
  year = {2006},
  volume = {124},
  pages = {014702}
}

@ARTICLE{Shenogin2006,
  author = {S. Shenogin and P. Keblinski and D. Bedrov and G. D. Smith},
  title = {Thermal relaxation mechanism and role of chemical functionalization
	in fullerene solutions},
  journal = {Journal of Chemical Physics},
  year = {2006},
  volume = {124},
  pages = {014702}
}

@ARTICLE{shenogin2004b,
  author = {S. Shenogin and L. Xue and R. Ozisik and P. Keblinski and D. G. Cahill},
  title = {Role of thermal boundary resistance on the heat flow in carbon-nanotube
	composites},
  journal = {Journal of Applied Physics},
  year = {2004},
  volume = {95},
  pages = {8136-8144}
}

@ARTICLE{shi2003,
  author = {L. Shi and D. Li and C. Yu and W. Jang and D. Kim and Z. Yao and
	P. Kim and A. Majumdar},
  title = {Measuring Thermal and Thermoelectric Properties of One-Dimensional
	Nanostructures Using a Microfabricated Device},
  journal = {Journal of Heat Transfer},
  year = {2003},
  volume = {125},
  pages = {881-888}
}

@ARTICLE{shibahara2006b,
  author = {M. Shibahara and M. Katsuki and T. Kunugi and K. Muko },
  title = {Effects of Nanometer Scale Structure on Energy Transfer Between a
	Surface and Fluid Molecules},
  journal = {Nanoscale and Microscale Thermophysical Engineering},
  year = {2007},
  volume = {10},
  pages = {197-204}
}

@ARTICLE{shibahara2005,
  author = {M. Shibahara and T. Kunugi and M. Katsuki},
  title = {Molecular Dynamics Study on Effects of Surface Structures in Nanometer
	Scale on Energy Transfer from Fluid to Surface},
  journal = {Heat Transfer -- Asian Research},
  year = {2005},
  volume = {34},
  pages = {171-179}
}

@ARTICLE{shibahara2006a,
  author = {M. Shibahara and T. Kunugi and K. Muko and M. Katsuki},
  title = {A study on effects of surface structural clearance in nanometer scale
	on energy transfer and molecular behavior at a liquid-solid interface},
  journal = {JSME International Journal},
  year = {2006},
  volume = {49},
  pages = {506-511}
}

@ARTICLE{shiomi2011a,
  author = {Junichiro Shiomi and Keivan Esfarjani and Gang Chen},
  title = {Thermal conductivity of half-Heusler compounds from first-principles
	calculations},
  journal = {Physical Review B},
  year = {2011},
  volume = {84},
  pages = {125209},
  number = {10},
  eid = {104302},
  doi = {10.1103/PhysRevB.84.104302},
  keywords = {ab initio calculations; acoustic dispersion; APW calculations; bismuth
	alloys; Boltzmann equation; decomposition; electrical conductivity;
	energy gap; lattice constants; long-range order; molecular dynamics
	method; nanotechnology; phononic crystals; Seebeck effect; short-range
	order; tellurium alloys; thermal conductivity},
  publisher = {APS}
}

@ARTICLE{shiomi2011c,
  author = {Junichiro Shiomi and Keivan Esfarjani and Gang Chen},
  title = {Thermal conductivity of half-Heusler compounds from first-principles
	calculations},
  journal = {Physical Review B},
  year = {2011},
  volume = {84},
  pages = {104302}
}

@ARTICLE{shiomi2006,
  author = {Shiomi, Junichiro and Maruyama, Shigeo },
  title = {Non-Fourier heat conduction in a single-walled carbon nanotube: Classical
	molecular dynamics simulations},
  journal = {Phys. Rev. B},
  year = {2006},
  volume = {73},
  pages = {205420},
  doi = {10.1103/PhysRevB.73.205420},
  numpages = {7},
  publisher = {American Physical Society}
}

@BOOK{sholl2009,
  title = {Density Functional Theory: A Practical Introduction},
  publisher = {Wiley, Hoboken},
  year = {2009},
  author = {D. S. Sholl and J. A. Steckel}
}

@ARTICLE{simkin2000,
  author = {M. V. Simkin and G. D. Mahan},
  title = {Minimum Thermal Conductivity of Superlattices},
  journal = {Physical Review Letters},
  year = {2000},
  volume = {84},
  pages = {927-930}
}

@ARTICLE{simons1974,
  author = {S. Simons},
  title = {On the thermal contact resistance between insulators},
  journal = {Journal of Physics C: Solid State Physics},
  year = {1974},
  volume = {7},
  pages = {4048-4052}
}

@ARTICLE{sinha2007,
  author = {S. Sinha and M. P. Rossi and D. Mattia and Y. Gogotsi and H. H. Bau},
  title = {Induction and measurement of minute flow rates through nanopipes},
  journal = {Physics of Fluids},
  year = {2007},
  volume = {19},
  pages = {013603}
}

@ARTICLE{sinha2005,
  author = {S. Sinha and P. K. Schelling and S. R. Phillpot and K. E. Goodsen},
  title = {Scattering of $g$-process longitudinal optical phonons at hotspots
	in silicon},
  journal = {Journal of Applied Physics},
  year = {2005},
  volume = {97},
  pages = {023702}
}

@ARTICLE{skoulidas2000,
  author = {A. I. Skoulidas and D. M. Ackerman and J. K. Johnson and D. S. Sholl},
  title = {Rapid transport of gases in carbon nanotubes},
  journal = {Physical Review Letters},
  year = {2000},
  volume = {89},
  pages = {185901}
}

@ARTICLE{skye2008,
  author = {Ashton Skye and Patrick K. Schelling},
  title = {Thermal resistivity of Si--Ge alloys by molecular-dynamics simulation},
  journal = {Journal of Applied Physics},
  year = {2008},
  volume = {103},
  pages = {113524},
  number = {11},
  eid = {113524},
  doi = {10.1063/1.2936868},
  keywords = {Debye temperature; Ge-Si alloys; molecular dynamics method; point
	defect scattering; semiconductor materials; thermal conductivity},
  numpages = {6},
  publisher = {AIP},
  url = {http://link.aip.org/link/?JAP/103/113524/1}
}

@INCOLLECTION{slack1995,
  author = {G. A. Slack},
  title = {New materials and performance limits for thermoelectric cooling},
  booktitle = {CRC Handbook of Thermoelectrics},
  publisher = {CRC, Boca Raton},
  year = {1995},
  editor = {D. M. Rowe},
  pages = {407-440}
}

@ARTICLE{slack1980,
  author = {G. A. Slack},
  title = {Thermal conductivity of ice},
  journal = {Physical Review B},
  year = {1980},
  volume = {22},
  pages = {3065-3071}
}

@ARTICLE{Slack1979,
  author = {G. A. Slack},
  title = {Solid State Physics},
  journal = {Solid State Physics},
  year = {1979},
  volume = {34},
  pages = {15657-15665},
  eprint = {http://pubs.acs.org/doi/pdf/10.1021/ja063695y},
  publisher = {Academic Press, New York},
  url = {http://pubs.acs.org/doi/abs/10.1021/ja063695y}
}

@ARTICLE{PhysRev.139.A507,
  author = {Slack, Glen A.},
  title = {Thermal Conductivity of Elements with Complex Lattices: B, P, S},
  journal = {Phys. Rev.},
  year = {1965},
  volume = {139},
  pages = {A507--A515},
  month = {Jul},
  doi = {10.1103/PhysRev.139.A507},
  issue = {2A},
  publisher = {American Physical Society},
  url = {http://link.aps.org/doi/10.1103/PhysRev.139.A507}
}

@ARTICLE{PhysRevB.4.592,
  author = {Slack, Glen A. and Oliver, D. W.},
  title = {Thermal Conductivity of Garnets and Phonon Scattering by Rare-Earth
	Ions},
  journal = {Phys. Rev. B},
  year = {1971},
  volume = {4},
  pages = {592--609},
  month = {Jul},
  doi = {10.1103/PhysRevB.4.592},
  issue = {2},
  publisher = {American Physical Society},
  url = {http://link.aps.org/doi/10.1103/PhysRevB.4.592}
}

@ARTICLE{slack:1665,
  author = {Glen A. Slack and Veneta G. Tsoukala},
  title = {Some properties of semiconducting IrSb[sub 3]},
  journal = {Journal of Applied Physics},
  year = {1994},
  volume = {76},
  pages = {1665-1671},
  number = {3},
  doi = {10.1063/1.357750},
  keywords = {IRIDIUM COMPOUNDS; ANTIMONIDES; HOT PRESSING; PHYSICAL PROPERTIES;
	THERMAL EXPANSION; SOUND VELOCITY; THERMAL CONDUCTIVITY; ELECTRIC
	CONDUCTIVITY; SEEBECK EFFECT; CHARGE CARRIERS},
  publisher = {AIP},
  url = {http://link.aip.org/link/?JAP/76/1665/1}
}

@ARTICLE{smith1990,
  author = {D. L. Smith and C. Mailhiot},
  title = {Theory of semiconductor superlattice electronic structure},
  journal = {Reviews of Modern Physics},
  year = {1990},
  volume = {62},
  pages = {173-234}
}

@ARTICLE{sokhan2001,
  author = {V. P. Sokhan and D. Nicholson and N. Quirke},
  title = {Fluid flow in nanopores: An examination of hydrodynamic boundary
	conditions},
  journal = {Journal of Chemical Physics},
  year = {2001},
  volume = {115},
  pages = {3878-3887}
}

@ARTICLE{sommerfeld2008,
  author = {T. Sommerfeld and A. DeFusco and K. D. Jordan},
  title = {Model Potential Approaches for Describing the Interactions of Excess
	Electrons with Water Clusters: {I}ncorporation of Long-range Correlation
	Effects},
  journal = {Journal of Physical Chemistry A},
  year = {2008},
  volume = {112},
  pages = {11021 - 11035}
}

@ARTICLE{sommerfeld2006b,
  author = {T. Sommerfeld and S. D. Gardner and A. {DeFusco} and K. D. Jordan},
  title = {Low-lying Isomers and Finite Temperature Behavior of ({H}$_2${O})$_6^-$},
  journal = {Journal of Chemical Physics},
  year = {2006},
  volume = {125},
  pages = {174301-1-7}
}

@ARTICLE{sommerfeld2006,
  author = {T. Sommerfeld and K. D. Jordan},
  title = {Electron Binding Motifs of ({H}$_2${O})$_n$-Clusters},
  journal = {Journal of the American Chemical Society},
  year = {2006},
  volume = {128},
  pages = {5828-5833}
}

@ARTICLE{sommerfeld2005,
  author = {T. Sommerfeld and K. D. Jordan},
  title = {Quantum Drude Oscillator Model for Describing the Interaction of
	Excess Electrons with Water Clusters: An Application to ({H}$_2${O})$_{13}$-},
  journal = {Journal of Physical Chemistry A},
  year = {2005},
  volume = {109},
  pages = {11531-11538}
}

@ARTICLE{sparavigna2003,
  author = {A. Sparavigna},
  title = {Role of nonpairwise interactions on phonon thermal transport},
  journal = {Physical Review B},
  year = {2003},
  volume = {67},
  pages = {144305}
}

@ARTICLE{sparavigna2002a,
  author = {A. Sparavigna},
  title = {Influence of isotope scattering on the thermal conductivity of diamond},
  journal = {Physical Review B},
  year = {2002},
  volume = {65},
  pages = {064305}
}

@ARTICLE{sparavigna2002b,
  author = {A. Sparavigna},
  title = {Lattice thermal conductivity in cubic silicon carbide},
  journal = {Physical Review B},
  year = {2002},
  volume = {66},
  pages = {174301}
}

@ARTICLE{squires2005,
  author = {T. M. Squires and S. R. Quake},
  title = {Microfluidics: Fluid physics at the nanoliter scale},
  journal = {Review of Modern Physics},
  year = {2005},
  volume = {77},
  pages = {977-1026}
}

@BOOK{srivastava1990,
  title = {The Physics of Phonons},
  publisher = {Adam Hilger, Bristol},
  year = {1990},
  author = {G. P. Srivastava}
}

@ARTICLE{PhysRev.141.767,
  author = {Steigmeier, E. F. and Kudman, I.},
  title = {Acoustical-Optical Phonon Scattering in Ge, Si, and III-V Compounds},
  journal = {Phys. Rev.},
  year = {1966},
  volume = {141},
  pages = {767--774},
  month = {Jan},
  doi = {10.1103/PhysRev.141.767},
  issue = {2},
  publisher = {American Physical Society},
  url = {http://link.aps.org/doi/10.1103/PhysRev.141.767}
}

@ARTICLE{stephens1971,
  author = {R. B. Stephens},
  title = {Low-Temperature Specific Heat and Thermal Conductivity of Noncrystalline
	Dielectric Solids},
  journal = {Physical Review B},
  year = {1973},
  volume = {8},
  pages = {2896ï¿½2905}
}

@PHDTHESIS{stevensthesis,
  author = {R. J. Stevens},
  title = {{Thermal Transport at Room Temperature Solid--solid Interfaces}},
  school = {University of Virginia},
  year = {2005},
  type = {{PhD Thesis}},
  address = {Charlottesville, {VA}}
}

@INPROCEEDINGS{stevens2004,
  author = {R. J. Stevens and P. M. Norris and L. V. Zhigilei},
  title = {Molecular-dynamics Study of Thermal Boundary Resistance: Evidence
	of Strong Inelastic Scattering Transport Channels},
  booktitle = {Proceedings of IMECE 2004},
  year = {2004},
  organization = {ASME},
  note = {Paper number IMECE2004-60334}
}

@ARTICLE{stevens2005,
  author = {R. J. Stevens and A. N. Smith and P. M. Norris},
  title = {Measurement of thermal boundary conductance of a series of metal-dielectric
	interfaces by the transient thermoreflectance technique},
  journal = {Journal of Heat Transfer},
  year = {2005},
  volume = {127},
  pages = {315-322}
}

@UNPUBLISHED{stevens2007u,
  author = {R. J. Stevens and L. V. Zhigilei and P. M. Norris},
  note = {to appear in {\em International Journal of Heat and Mass Transfer}}
}

@ARTICLE{stevens2007,
  author = {R. J. Stevens and L. V. Zhigilei and P. M. Norris},
  title = {Effects of temperature and disorder on thermal boundary conductance
	at solidï¿½solid interfaces: Nonequilibrium molecular dynamics simulations},
  journal = {International Journal of Heat and Mass Transfer},
  year = {2007},
  volume = {50},
  pages = {3977-3989}
}

@ARTICLE{stillinger1985,
  author = {F. H. Stillinger and T. A. Weber},
  title = {Computer Simulation of Local Order in Condensed Phases of Silicon},
  journal = {Physical Review B},
  year = {1985},
  volume = {31},
  pages = {5262-5271}
}

@ARTICLE{stoleru2002,
  author = {V. G. Stoleru and D. Pal and E. Towe},
  title = {Self-assembled ({I}n,{G}a){A}s/{G}a{A}s quantum dot nanostructures:
	strain distribution and electronic structure},
  journal = {Physica E},
  year = {2002},
  volume = {15},
  pages = {131-152}
}

@ARTICLE{stoner1993,
  author = {R. J. Stoner and H. J. Maris},
  title = {Kapitza Conductance and Heat Flow Between Solids at Temperatures
	from 50 to 300 K},
  journal = {Physical Review B},
  year = {1993},
  volume = {48},
  pages = {16373-16387}
}

@ARTICLE{Stoner1993,
  author = {R. J. Stoner and H. J. Maris},
  title = {Kapitza Conductance and Heat Flow Between Solids At Temperatures
	from 50 to 300 {K}},
  journal = {Physical Review B},
  year = {1993},
  volume = {48},
  pages = {16373-16387}
}

@ARTICLE{streitz1994,
  author = {F. H. Streitz and J. W. Mintmire},
  title = {Electrostatic potentials for metal-oxide surfaces and interfaces},
  journal = {Physical Review B},
  year = {1994},
  volume = {50},
  pages = {11996-12003}
}

@ARTICLE{striolo2006,
  author = {A. Striolo},
  title = {The Mechanism of Water Diffusion in Narrow Carbon Nanotubes},
  journal = {Nano Letters},
  year = {2006},
  volume = {6},
  pages = {633-639}
}

@ARTICLE{suk2008,
  author = {M. E. Suk and A. V. Raghunathan and N. R. Aluru},
  title = {Fast reverse osmosis using boron nitride and carbon nanotubes},
  journal = {Applied Physics Letters},
  year = {2008},
  volume = {92},
  pages = {133120}
}

@ARTICLE{sun1994,
  author = {H. Sun and S. J. Mumby and J. R. Maple and A. T. Hagler},
  title = {An ab Initio {CFF93} All-Atom Force Field for Polycarbonates},
  journal = {Journal of the American Chemical Society},
  year = {1994},
  volume = {116},
  pages = {2978-2987}
}

@INCOLLECTION{sutherland1996,
  author = {T. E. Sutherland and C. C. Bonwell},
  title = {Using Active Learning in College Classes: A Range of Options for
	Faulty},
  booktitle = {New Directions for Teaching and Learning, Number 67},
  publisher = {Jossey-Bass, San Francisco},
  year = {1996},
  editor = {R. J. Menges and M. D. Svinicki},
  pages = {1-16}
}

@ARTICLE{suzuki2006,
  author = {T. Suzuki and D. S. Sorescu and K. D. Jordan and J. T. Yates},
  title = {The Chemisorption of Dibenzo[$a$,$j$]coronene on {S}i(001)-2$\times$1},
  journal = {Journal of Chemical Physics},
  year = {2006},
  volume = {124},
  pages = {224708-1-8}
}

@ARTICLE{swartz1989,
  author = {E. T. Swartz and R. O. Pohl},
  title = {Thermal Boundary Resistance},
  journal = {Review of Modern Physics},
  year = {1989},
  volume = {61},
  pages = {605-668}
}

@ARTICLE{swartz1987,
  author = {E. T. Swartz and R. O. Pohl},
  title = {Thermal Resistance at Interfaces},
  journal = {Applied Physics Letters},
  year = {1987},
  volume = {51},
  pages = {2200-2202}
}

@BOOK{szabo1996,
  title = {Modern Quantum Chemistry; Introduction to Advanced Electronic Structure
	Theory},
  publisher = {Dover, Mineolo, NY, USA},
  year = {1996},
  author = {A. Szabo and N. S. Ostlund}
}

@ARTICLE{He2006,
  author = {T. He, et al.},
  title = {Thermoelectric Properties of Indium-Filled Skutterudites},
  journal = {Chem. Mater.},
  year = {2006},
  volume = {18},
  pages = {759?762}
}

@ARTICLE{Tang2009,
  author = {Xiaoli Tang and Jianjun Dong},
  title = {Pressure dependence of harmonic and anharmonic lattice dynamics in
	MgO: A first-principles calculation and implications for lattice
	thermal conductivity},
  journal = {Physics of the Earth and Planetary Interiors},
  year = {2009},
  volume = {174},
  pages = {33 - 38},
  number = {1-4},
  doi = {DOI: 10.1016/j.pepi.2008.10.003},
  issn = {0031-9201},
  keywords = {First-principles theory},
  url = {http://www.sciencedirect.com/science/article/B6V6S-4TPX0NT-2/2/26994c4eef790dd87087f73896f952a3}
}

@ARTICLE{tans1998,
  author = {S. J. Tans and A. R. M. Verschueren and C. Dekker},
  title = {Room-temperature transistor based on a single carbon nanotube},
  journal = {Nature},
  year = {1998},
  volume = {393},
  pages = {49-52}
}

@TECHREPORT{trt,
  author = {A. Techreport},
  title = {{Techreport title}},
  institution = {University of Higher Education},
  year = {2003},
  type = {Progress report},
  number = {1},
  address = {Cambridge, {MA}},
  month = {May},
  note = {See also URL \verb+http://www.abc.edu+}
}

@ARTICLE{tegenfeldt2004,
  author = {J. O. Tegenfeldt and C. Prinz and H. Cao and S. Chou and W. Reisner
	and R. Riehn and Y. M. Wang and E. C. Cox and J. C. Sturm and P.
	Silberzan and R. H. Austin},
  title = {The dynamics of genomic-length {D}{N}{A} molecules in 100-nm channels},
  journal = {Proceedings of the National Academy of Sciences},
  year = {2004},
  volume = {101},
  pages = {10979-10983}
}

@ARTICLE{terrones2002,
  author = {M. Terrones and F. Banhart and N. Grobert and J.-C. Charlier and
	H. Terrones and P. M. Ajayan},
  title = {Molecular Junctions by Joining Single-Walled Carbon Nanotubes},
  journal = {Physical Review Letters},
  year = {2002},
  volume = {89},
  pages = {075505}
}

@ARTICLE{tersoff1989,
  author = {J. Tersoff},
  title = {Modeling solid--state chemistry: Interatomic potentials for multicomponent
	systems},
  journal = {Physical Review B},
  year = {1989},
  volume = {39},
  pages = {5566-5568}
}

@ARTICLE{tersoff1988a,
  author = {J. Tersoff},
  title = {New empirical approach for the structure and energy of covalent systems},
  journal = {Physical Review B},
  year = {1988},
  volume = {37},
  pages = {6991-7000}
}

@ARTICLE{tersoff1988b,
  author = {J. Tersoff},
  title = {Empirical interatomic potential for carbon, with applications to
	amorphous carbon},
  journal = {Physical Review Letters},
  year = {1988},
  volume = {61},
  pages = {2879-2882}
}

@ARTICLE{footnote_1,
  author = {The range of data must be selected when fitting the Lorentzian functions
	to $\Phi$ or $\Phi'$. This range should be large enough for the Lorentzian
	functions to decrease significantly from their value at half-width
	at half-maximum, where the linewidth is specified, but not too large
	as to pick up noise. The error in predicting the lifetime is obtained
	by varying this range of data used to fit the Lorentzian function.
	and J.D. Gale and A.L. Rohl},
  title = {The General Utility Lattice Program},
  journal = {Molecular Simulation},
  year = {2003},
  volume = {29},
  pages = {291}
}

@PHDTHESIS{thomasthesis,
  author = {J. A. Thomas},
  title = {{water flow and thermal transport through carbon nanotubes}},
  school = {Carnegie Mellon University},
  year = {2010},
  type = {{PhD Thesis}},
  address = {Pittsburgh, {PA}}
}

@ARTICLE{thomas2010b,
  author = {J. A. Thomas and R. M. Iutzi and A. J. H. McGaughey},
  title = {Thermal conductivity and phonon transport in empty and water-filled
	carbon nanotubes},
  journal = {Physical Review B},
  year = {2010},
  volume = {81},
  pages = {045413}
}

@ARTICLE{thomas2009,
  author = {J. A. Thomas and A. J. H. McGaughey},
  title = {Water flow in carbon nanotubes: {T}ransition to subcontinuum flow},
  journal = {Physical Review Letters},
  year = {2009},
  volume = {102},
  pages = {184502}
}

@ARTICLE{thomas2008a,
  author = {J. A. Thomas and A. J. H. McGaughey},
  title = {Density, distribution, and orientation of water molecules inside
	and outside carbon nanotubes},
  journal = {Journal of Chemical Physics},
  year = {2008},
  volume = {128},
  pages = {084715}
}

@ARTICLE{thomas2008b,
  author = {J. A. Thomas and A. J. H. McGaughey},
  title = {Reassessing fast water transport through carbon nanotubes},
  journal = {Nanoletters},
  year = {2008},
  volume = {8},
  pages = {2788-2793}
}

@ARTICLE{thomas2007,
  author = {J. A. Thomas and A. J. H. McGaughey},
  title = {Effect of surface wettability on liquid density, structure, and diffusion
	near a solid surface},
  journal = {Journal of Chemical Physics},
  year = {2007},
  volume = {126},
  pages = {034707}
}

@ARTICLE{thomas2010a,
  author = {J. A. Thomas and A. J. H. McGaughey and O. Kuter-Arneback},
  title = {Pressure-driven water flow through carbon nanotubes: Insights from
	molecular dynamics simulations},
  journal = {International Journal of Thermal Sciences},
  year = {2010},
  volume = {49},
  pages = {481-489}
}

@ARTICLE{thomas2010c,
  author = {J. A. Thomas and J. E. Turney and R. M. Iutzi and C. H. Amon and
	A. J. H. McGaughey},
  title = {Predicting phonon dispersion relations and lifetimes from the spectral
	energy density},
  journal = {Physical Review B},
  year = {2010},
  volume = {81},
  pages = {081411(R)}
}

@ARTICLE{ting2002,
  author = {J.-M. Ting and C.-C. Chang},
  title = {Multijunction carbon nanotube network},
  journal = {Applied Physics Letters},
  year = {2002},
  volume = {80},
  pages = {324-325}
}

@ARTICLE{Toberer2011,
  author = {Toberer, Eric S. and Zevalkink, Alex and Snyder, G. Jeffrey},
  title = {Phonon engineering through crystal chemistry},
  journal = {J. Mater. Chem.},
  year = {2011},
  volume = {21},
  abstract = {Mitigation of the global energy crisis requires tailoring the thermal
	conductivity of materials. Low thermal conductivity is critical in
	a broad range of energy conversion technologies{,} including thermoelectrics
	and thermal barrier coatings. Here{,} we review the chemical trends
	and explore the origins of low thermal conductivity in crystalline
	materials. A unifying feature in the latest materials is the incorporation
	of structural complexity to decrease the phonon velocity and increase
	scattering. With this understanding{,} strategies for combining these
	mechanisms can be formulated for designing new materials with exceptionally
	low thermal conductivity.},
  doi = {10.1039/C1JM11754H},
  issue = {40},
  url = {http://dx.doi.org/10.1039/C1JM11754H}
}

@ARTICLE{todd2001,
  author = {B. D. Todd},
  title = {Computer simulation of simple and complex atomistic fluids by nonequilibrium
	molecular dynamics techniques},
  journal = {Computer Physics Communications},
  year = {2001},
  volume = {142},
  pages = {14-21}
}

@ARTICLE{torii2007,
  author = {D. Torii and T. Ohara},
  title = {Molecular dynamics study on ultrathin liquid water film sheared between
	platinum solid walls: Liquid structure and energy and momentum transfer},
  journal = {Journal of Chemical Physics},
  year = {2007},
  volume = {126},
  pages = {154706}
}

@UNPUBLISHED{towe,
  author = {E. Towe},
  note = {private communication}
}

@ARTICLE{tsai2006,
  author = {P.-C. Tsai and Y.-R. Jeng and T.-H. Fang},
  title = {Coalescence, melting, and mechanical characteristics of carbon nanotube
	junctions},
  journal = {Physical Review B},
  year = {2006},
  volume = {74},
  pages = {045406}
}

@ARTICLE{tsai1995,
  author = {W. C. Tsai and C. Y. Chang and T. G. Jung and T. S. Liou and G. W.
	Huang and T. C. Chang and L. P. Chen and H. C. Lin},
  title = {Abruptness of {G}e composition at the {S}i/{S}i{G}e interface grown
	by ultrahigh vacuum chemical vapor deposition},
  journal = {Applied Physics Letters},
  year = {1995},
  volume = {67},
  pages = {1092-1094}
}

@ARTICLE{tse1988,
  author = {J. S. Tse and M. A. White},
  title = {Origin of the Glassy Crystalline Behavior in the Thermal Properties
	of Clathrate Hydrates: {A} Thermal Conductivity Study of Tetrahydrofuron
	Hydrate},
  journal = {Journal of Physical Chemistry},
  year = {1988},
  volume = {92},
  pages = {5006}
}

@ARTICLE{Tse1988,
  author = {J. S. Tse and M. A. White},
  title = {Origin of the Glassy Crystalline Behavior in the Thermal Properties
	of Clathrate Hydrates: {A} Thermal Conductivity Study of Tetrahydrofuron
	Hydrate},
  journal = {Journal of Physical Chemistry},
  year = {1988},
  volume = {92},
  pages = {5006}
}

@ARTICLE{tseng2004,
  author = {A. A. Tseng},
  title = {Recent developments in micromilling using focused ion beam technology},
  journal = {Journal of Micromechanics and Microengineering},
  year = {2004},
  volume = {14},
  pages = {R15-R34}
}

@ARTICLE{tu2000,
  author = {Y. Tu and J. Tersoff},
  title = {Structure and Energetics of the {S}i-{S}i{O}$_2$ Interface},
  journal = {Physical Review Letters},
  year = {2000},
  volume = {84},
  pages = {4393-4396}
}

@PHDTHESIS{turneythesis,
  author = {J. E. Turney},
  title = {{Predicting phonon properties and thermal conductivity using anharmonic
	lattice dynamics calculations}},
  school = {Carnegie Mellon University},
  year = {2009},
  type = {{PhD Thesis}},
  address = {Pittsburgh, {PA}}
}

@ARTICLE{turney2009a,
  author = {J. E. Turney and E. S. Landry and A. J. H. McGaughey and C. H. Amon},
  title = {Predicting phonon properties and thermal conductivity from anharmonic
	lattice dynamics calculations and molecular dynamics simulations},
  journal = {Physical Review B},
  year = {2009},
  volume = {79},
  pages = {064301}
}

@ARTICLE{turney2010,
  author = {J. E. Turney and A. J. H. McGaughey and C. H. Amon},
  title = {In-plane phonon transport in thin films},
  journal = {Journal of Applied Physics},
  year = {2010},
  volume = {107},
  pages = {024317},
  number = {2},
  eid = {024317},
  doi = {10.1063/1.3296394},
  keywords = {anharmonic lattice modes; argon; Boltzmann equation; elemental semiconductors;
	Lennard-Jones potential; molecular dynamics method; phonon-phonon
	interactions; phonons; quantum solids; semiconductor thin films;
	silicon; thermal conductivity},
  numpages = {8},
  publisher = {AIP},
  url = {http://link.aip.org/link/?JAP/107/024317/1}
}

@ARTICLE{turney2009b,
  author = {J. E. Turney and A. J. H. McGaughey and C. H. Amon},
  title = {Assessing the applicability of quantum corrections to classical thermal
	conductivity predictions},
  journal = {Physical Review B},
  year = {2009},
  volume = {79},
  pages = {224305}
}

@INPROCEEDINGS{turney2008,
  author = {J. E. Turney and A. J. H. McGaughey and C. H. Amon},
  title = {Argon Thermal Conductivity by Anharmonic Lattice Dynamics Calculaions},
  booktitle = {Proceedings of SHTC 2008},
  year = {2008},
  organization = {ASME},
  note = {Paper number HT2008-56146}
}

@INPROCEEDINGS{turney2008b,
  author = {J. E. Turney and A. J. H. McGaughey and C. H. Amon},
  title = {Thin Film Thermal Conductivity by Anharmonic Lattice Dynamics Calculations},
  booktitle = {Proceedings of IMECE 2008},
  year = {2008},
  organization = {ASME},
  note = {Paper number IMECE2008-66697}
}

@INPROCEEDINGS{turney2007,
  author = {J. E. Turney and A. J. H. McGaughey and C. H. Amon},
  title = {Effects of confinement and surface reconstruction on the lattice
	dynamics and thermal transport properties of thin films},
  booktitle = {Proceedings of SHTC 2007},
  year = {2007},
  organization = {ASME},
  note = {Paper number HT2007-32274}
}

@ARTICLE{twu2003,
  author = {C.-J. Twu and J.-R. Ho},
  title = {Molecular-dynamics Study of Energy Flow and the {K}apitza Conductance
	Across an Interface with Imperfection Formed by Two Dielectric Thin
	Films},
  journal = {Physical Review B},
  year = {2003},
  volume = {67},
  pages = {205422}
}

@UNPUBLISHED{upd,
  author = {A. Unpublished},
  title = {{Unpublished document title}},
  note = {See also URL \verb+http://www.abc.edu+},
  month = {May},
  year = {2003}
}

@ARTICLE{venkat2000,
  author = {R. Venkatasubramanian},
  title = {Lattice Thermal Conductivity reduction and phonon localization behavior
	in superlattice structures},
  journal = {Physical Review B},
  year = {2000},
  volume = {61},
  pages = {3091-3097}
}

@ARTICLE{verweij2008,
  author = {H. Verweij and M. C. Schillo and J. Li},
  title = {Fast Mass Transport Through Carbon Nanotube Membranes},
  journal = {Small},
  year = {2008},
  volume = {3},
  pages = {1996-2004}
}

@ARTICLE{PhysRevE.81.021301,
  author = {Vitelli, Vincenzo and Xu, Ning and Wyart, Matthieu and Liu, Andrea
	J. and Nagel, Sidney R.},
  title = {Heat transport in model jammed solids},
  journal = {Phys. Rev. E},
  year = {2010},
  volume = {81},
  pages = {021301},
  month = {Feb},
  doi = {10.1103/PhysRevE.81.021301},
  issue = {2},
  numpages = {14},
  publisher = {American Physical Society},
  url = {http://link.aps.org/doi/10.1103/PhysRevE.81.021301}
}

@ARTICLE{volz2000b,
  author = {S. Volz and G. Chen},
  title = {Molecular-dynamics simulation of thermal conductivity of silicon
	crystals},
  journal = {Physical Review B},
  year = {2000},
  volume = {61},
  pages = {2651-2656}
}

@ARTICLE{volz2000,
  author = {S. Volz and J. B. Saulnier and G. Chen and P. Beauchamp},
  title = {Computation of Thermal Conductivity of {S}i/{G}e Superlattices by
	Molecular Dynamics Techniques},
  journal = {Microelectronics Journal},
  year = {2000},
  volume = {31},
  pages = {815-819}
}

@ARTICLE{volz1996,
  author = {Volz, Sebastian and Saulnier, Jean-Bernard and Lallemand, Michel
	and Perrin, Bernard and Depondt, Philippe and Mareschal, Michel },
  title = {Transient Fourier-law deviation by molecular dynamics in solid argon},
  journal = {Phys. Rev. B},
  year = {1996},
  volume = {54},
  pages = {340--347},
  number = {1},
  month = {Jul},
  doi = {10.1103/PhysRevB.54.340},
  numpages = {7},
  publisher = {American Physical Society}
}

@PHDTHESIS{wagnerthesis,
  author = {R. J. Wagner},
  title = {{Growth Energetics of Germanium Quantum Dots by Atomic Simulation}},
  school = {University of Michigan},
  year = {2004},
  type = {{PhD Thesis}},
  address = {Ann Arbor, {MI}}
}

@BOOK{wallace1972,
  title = {Thermodynamics of Crystals},
  publisher = {Cambridge Univ. Press, Cambridge, UK},
  year = {1972},
  author = {D. C. Wallace}
}

@ARTICLE{wallace1966a,
  author = {Wallace, Duane C.},
  title = {Renormalization and Statistical Mechanics in Many-Particle Systems.
	I. Hamiltonian Perturbation Method},
  journal = {Physical Review},
  year = {1966},
  volume = {152},
  pages = {247--260},
  number = {1},
  month = {Dec},
  doi = {10.1103/PhysRev.152.247},
  numpages = {13},
  publisher = {American Physical Society}
}

@ARTICLE{wallace1966b,
  author = {Wallace, Duane C.},
  title = {Renormalization and Statistical Mechanics in Many-Particle Systems.
	II. Statistical Perturbation Method},
  journal = {Physical Review},
  year = {1966},
  volume = {152},
  pages = {261--269},
  number = {1},
  month = {Dec},
  doi = {10.1103/PhysRev.152.261},
  numpages = {8},
  publisher = {American Physical Society}
}

@ARTICLE{wallace1999,
  author = {D. C. Wallace and B. E. Clements},
  title = {Nature of the many-particle potential in the monatomic liquid state:
	{E}nergetics, kinetics, and stability},
  journal = {Physical Review E},
  year = {1999},
  volume = {59},
  pages = {2942-2954}
}

@ARTICLE{wang1990,
  author = {Wang, C. Z. and Chan, C. T. and Ho, K. M.},
  title = {Tight-binding molecular-dynamics study of phonon anharmonic effects
	in silicon and diamond},
  journal = {Phys. Rev. B},
  year = {1990},
  volume = {42},
  pages = {11276--11283},
  number = {17},
  month = {Dec},
  doi = {10.1103/PhysRevB.42.11276},
  numpages = {7},
  publisher = {American Physical Society}
}

@ARTICLE{wang2007,
  author = {J. Wang and J.-S. Wang},
  title = {Characteristics of phonon transmission across epitaxial interfaces:
	a lattice dynamic study},
  journal = {Journal of Physics: Condensed Matter},
  year = {2007},
  volume = {19},
  pages = {236211}
}

@ARTICLE{wang2006,
  author = {J. Wang and J.-S. Wang},
  title = {Mode-dependent energy transmission across nanotube junctions calculated
	with a lattice dynamics approach},
  journal = {Physical Review B},
  year = {2006},
  volume = {74},
  pages = {054303}
}

@ARTICLE{wang2007b,
  author = {Wang, Jian-Sheng },
  title = {Quantum Thermal Transport from Classical Molecular Dynamics},
  journal = {Phys. Rev. Lett.},
  year = {2007},
  volume = {99},
  pages = {160601},
  number = {16},
  month = {Oct},
  doi = {10.1103/PhysRevLett.99.160601},
  numpages = {4},
  publisher = {American Physical Society}
}

@ARTICLE{wang2008,
  author = {J.-S. Wang and J. Wang and J. T. Li},
  title = {Quantum Thermal Transport in Nanostructures},
  journal = {The European Physical Journal B},
  year = {2008},
  volume = {62},
  pages = {381-404}
}

@ARTICLE{rwang2006,
  author = {Robert Y. Wang and Rachel A. Segalman and Arun Majumdar},
  title = {Room temperature thermal conductance of alkanedithiol self-assembled
	monolayers},
  journal = {Applied Physics Letters},
  year = {2006},
  volume = {89},
  pages = {173113},
  number = {17},
  eid = {173113},
  doi = {10.1063/1.2358856},
  keywords = {gold; gallium arsenide; thermal conductivity; monolayers; III-V semiconductors;
	semiconductor-metal boundaries; nanotechnology},
  numpages = {3},
  publisher = {AIP},
  url = {http://link.aip.org/link/?APL/89/173113/1}
}

@ARTICLE{wang_232107,
  author = {Xiao-Jun Wang and Mei-Bo Tang and Jing-Tai Zhao and Hao-Hong Chen
	and Xin-Xin Yang},
  title = {Thermoelectric properties and electronic structure of Zintl compound
	BaZn[sub 2]Sb[sub 2]},
  journal = {Applied Physics Letters},
  year = {2007},
  volume = {90},
  pages = {232107},
  number = {23},
  eid = {232107},
  doi = {10.1063/1.2746408},
  keywords = {band structure; barium compounds; zinc compounds; thermal conductivity;
	ab initio calculations; specific heat; Debye temperature; narrow
	band gap semiconductors; thermoelectricity},
  numpages = {3},
  publisher = {AIP},
  url = {http://link.aip.org/link/?APL/90/232107/1}
}

@ARTICLE{wang1998,
  author = {Y. Wang and G. M. Stocks and D. M. C. Nicholson and W. A. Shelton
	},
  title = {The First Principles {O[N] LSMS} Method and Its Applications to Magnetic
	Structure of Alloys},
  journal = {International Journal of Compuaters \& Mathematics with applications},
  year = {1995},
  volume = {75},
  pages = {2867-2870}
}

@ARTICLE{ywang2007,
  author = {Y. Wang and G. M. Stocks and A. Rusanu and D. M. C. Nicholson and
	M. Eisenbach and Q. Zhang and J. P. Liu},
  title = {Electronic and Magnetic Structure of {L$_{10}$-FePt} Nanoparticle
	Embedded in {FePt} Random Alloy},
  journal = {IEEE Transactions on Magnetics},
  year = {2007},
  volume = {43},
  pages = {3103-3105}
}

@ARTICLE{wang1995,
  author = {Y. Wang and G. M. Stocks and W. A. Shelton and D. M. C. Nicholson
	and W. M. Temmerman and Z. Szotek},
  title = {Order-$N$ Multiple Scattering Approach to Electronic Structure Calculations},
  journal = {Physical Review Letters},
  year = {1995},
  volume = {75},
  pages = {2867-2870}
}

@BOOK{wankat2007,
  title = {Teaching Engineering},
  publisher = {Available at https://engineering.purdue.edu/ChE/News\_and\_Events/Publications
	/teaching\_engineering/index.html, accessed June 26, 2007},
  author = {P. C. Wankat and F. S. Oreovicz}
}

@ARTICLE{ward2008,
  author = {A. Ward and D. A. Broido},
  title = {Intrinsic lattice thermal conductivity of {S}i/{G}e and {G}a{A}s/{A}l{A}s
	superlattices},
  journal = {Physical Review B},
  year = {2008},
  volume = {77},
  pages = {245328}
}

@ARTICLE{ward2010,
  author = {Ward, A. and Broido, D. A. and Stewart, Derek A. and Deinzer, G.
	},
  title = {Ab initio theory of the lattice thermal conductivity in diamond},
  journal = {Phys. Rev. B},
  year = {2009},
  volume = {80},
  pages = {125203},
  number = {12},
  month = {Sep},
  doi = {10.1103/PhysRevB.80.125203},
  numpages = {8},
  publisher = {American Physical Society}
}

@ARTICLE{watanabe2004,
  author = {T. Watanabe and K. Tatsumura and I. Ohdomari},
  title = {{S}i{O}$_2$/{S}i interface structure and its formation studied by
	large-scale molecular dynamics simulation},
  journal = {Applied Surface Science},
  year = {2004},
  volume = {237},
  pages = {125-133}
}

@BOOK{waynant2000,
  title = {Electro-Optics Handbook (2nd Edition)},
  publisher = {McGraw-Hill, New York},
  year = {2000},
  author = {R. W. Waynant and M. N. Ediger}
}

@ARTICLE{werder2003,
  author = {T. Werder and J. H. Walther and R. L. Jaffe and T. Halicioglu and
	P. Koumoutsakos},
  title = {On the Water-Carbon Interaction for Use in Molecular Dynamics Simulations
	of Graphite and Carbon Nanotubes},
  journal = {Journal of Physical Chemistry B},
  year = {2003},
  volume = {107},
  pages = {1345-1352}
}

@ARTICLE{werder2001,
  author = {T. Werder and J. H. Walther and R. L. Jaffe and T. Halicioglu and
	F. Noca and P. Koumoutsakos},
  title = {Molecular Dynamics Simulation of Contact Angles of Water Droplets
	in Carbon Nanotubes},
  journal = {Nanoletters},
  year = {2001},
  volume = {1},
  pages = {697-702}
}

@ARTICLE{whitby2007,
  author = {M. Whitby and N. Quirke},
  title = {Fluid flow in carbon nanotubes and nanopipes},
  journal = {Nature Nanotechnology},
  year = {2007},
  volume = {2},
  pages = {87-94}
}

@ARTICLE{wick2005,
  author = {C. D. Wick and L. X. Dang},
  title = {Diffusion at the Liquid-Vapor Interface of an Aqueous Ionic Solution
	Utilizing a Dual Simulation Technique},
  journal = {Journal of Physical Chemistry B},
  year = {2005},
  volume = {109},
  pages = {15574-15579}
}

@ARTICLE{willander2005,
  author = {M. Willander and Q. X. Zhao and O. Nur and Q.-H. Hu},
  title = {Some silicon-based heterostructures for optical applications},
  journal = {Journal of Electronic Materials},
  year = {2005},
  volume = {34},
  pages = {515-521}
}

@ARTICLE{williams2004,
  author = {W. M. Williams and P. B. Papierno and M. C. Makel and S. J. Ceci},
  title = {Thinking Like A Scientist About Real-World Problems: The Cornell
	Institute for Research on Children Science Education Program},
  journal = {Journal of Applied Developmental Psychology},
  year = {2004},
  volume = {25},
  pages = {107-126}
}

@ARTICLE{wu2002,
  author = {Y. Wu and R. Fan and P. Yang},
  title = {Block-by-Block Growth of Single Crystalline {S}i/{S}i{G}e Superlattice
	Nanowires},
  journal = {Nano Letters},
  year = {2002},
  volume = {2},
  pages = {83-86}
}

@ARTICLE{Wang2007,
  author = {X.-J. Wang, et al.},
  title = {Thermoelectric properties and electronic structure of Zintl compound
	BaZn2Sb2},
  journal = {Appl. Phys. Lett.},
  year = {2007},
  volume = {90},
  pages = {232107}
}

@ARTICLE{xu2007,
  author = {J. Xu and Y. Li},
  title = {Boundary conditions at the solidï¿½liquid surface over the multiscale
	channel size from nanometer to micron},
  journal = {International Journal of Heat and Mass Transfer},
  year = {2007},
  volume = {50},
  pages = {2571-2581}
}

@ARTICLE{xue2004,
  author = {L. Xue and P. Keblinski and S. R. Phillpot and S. U.-S. Choi and
	J. A. Eastman},
  title = {Effect of liquid layering at the liquidï¿½-solid interface on thermal
	transport},
  journal = {International Journal of Heat and Mass Transfer},
  year = {2004},
  volume = {47},
  pages = {4277-4284}
}

@INPROCEEDINGS{yadav2006,
  author = {A. Yadav and K. P. Pipe and W. Ye and R. S. Goldman},
  title = {Thermoelectric Properties of vertically-Aligned {I}n{A}s/{G}a{A}s
	Quantum Dot Superlattices},
  booktitle = {Electronic Materials Conference},
  year = {2006},
  month = {June},
  note = {Penn State}
}

@ARTICLE{yamane2002,
  author = {Tsuneyuki Yamane and Naoto Nagai and Shin-ichiro Katayama and Minoru
	Todoki},
  title = {Measurement of thermal conductivity of silicon dioxide thin films
	using a 3 omega method},
  journal = {Journal of Applied Physics},
  year = {2002},
  volume = {91},
  pages = {9772-9776},
  number = {12},
  doi = {10.1063/1.1481958},
  keywords = {silicon compounds; thermal conductivity; thermal conductivity measurement;
	porosity; insulating thin films; infrared spectra; interface phenomena},
  publisher = {AIP},
  url = {http://link.aip.org/link/?JAP/91/9772/1}
}

@ARTICLE{yang2003,
  author = {B. Yang and G. Chen},
  title = {Partially Coherent Phonon Heat Conduction in Superlattices},
  journal = {Physical Review B},
  year = {2003},
  volume = {67},
  pages = {195311}
}

@ARTICLE{yang2001,
  author = {B. Yang and G. Chen},
  title = {Lattice Dynamics Study of Anisotropic Heat Conduction in Superlattices},
  journal = {Microscale Thermophysical Engineering},
  year = {2001},
  volume = {5},
  pages = {107-116}
}

@ARTICLE{yang2002,
  author = {B. Yang and W. L. Liu and J. L. Liu and K. L. Wang and G. Chen},
  title = {Measurements of Anisotropic Thermoelectric Properties in Superlattices},
  journal = {Applied Physics Letters},
  year = {2002},
  volume = {81},
  pages = {3588-3590}
}

@ARTICLE{Yang_Chen_2006,
  author = {Yang, et al.},
  title = {Effect of La filling on thermoelectric properties of LaxCo36Ni04Sb12-filled
	skutterudite prepared by MA-HP method},
  journal = {Jo. of Sol. Stat. Chem.},
  year = {2006},
  volume = {179},
  pages = {212-216}
}

@ARTICLE{Yang2006,
  author = {Yang, et al.},
  title = {Effect of La filling on thermoelectric properties of LaxCo3.6Ni0.4Sb12-filled
	skutterudite prepared by MA-HP method},
  journal = {Jo. of Sol. Stat. Chem.},
  year = {2006},
  volume = {179},
  pages = {212-216}
}

@ARTICLE{PhysRevB.81.104203,
  author = {Yang, Ho-Soon and Cahill, David G. and Liu, X. and Feldman, J. L.
	and Crandall, R. S. and Sperling, B. A. and Abelson, J. R.},
  title = {Anomalously high thermal conductivity of amorphous Si deposited by
	hot-wire chemical vapor deposition},
  journal = {Phys. Rev. B},
  year = {2010},
  volume = {81},
  pages = {104203},
  month = {Mar},
  doi = {10.1103/PhysRevB.81.104203},
  issue = {10},
  numpages = {7},
  publisher = {American Physical Society},
  url = {http://link.aps.org/doi/10.1103/PhysRevB.81.104203}
}

@ARTICLE{yang2004,
  author = {R. Yang and G. Chen},
  title = {Thermal Conductivity Modeling of Periodic Two-dimensional Nanocomposites},
  journal = {Physical Review B},
  year = {2004},
  volume = {69},
  pages = {195316}
}

@ARTICLE{yang2005,
  author = {Y. Yang and Z. G. Zhang and E. A. Grulke and W. B. Anderson and G.
	Wu},
  title = {Heat transfer properties of nanoparticle-in-fluid dispersions (nanofluids)
	in laminar flow},
  journal = {International Journal of Heat and Mass Transfer},
  year = {2005},
  volume = {48},
  pages = {1107-1116}
}

@ARTICLE{ye2005,
  author = {W. Ye and S. Hanson and M. Reason and X. Weng and R. S. Goldman},
  title = {Control of {InAs/GaAs} quantum dot density and alignment using modified
	buffer layers},
  journal = {Journal of Vacuum Science and Technology B},
  year = {2005},
  volume = {23},
  pages = {1736-1740}
}

@ARTICLE{you2003,
  author = {S. M. You and J. H. Kim and K. H. Kim},
  title = {Effect of nanoparticles on critical heat flux of water in pool boiling
	heat transfer},
  journal = {Applied Physics Letters},
  year = {2003},
  volume = {83},
  pages = {3374-3376}
}

@ARTICLE{young1989,
  author = {D. A. Young and H. J. Maris},
  title = {Lattice-dynamical Calculation of the {K}apitza Resistance Between
	Fcc Lattices},
  journal = {Physical Review B},
  year = {1989},
  volume = {40},
  pages = {3685-3693}
}

@ARTICLE{yu2005,
  author = {C. H. Yu and L. Shi and Z. Yao and D. Li and A. Majumdar},
  title = {Thermal Conductance and Thermopower of an Individual Single-Wall
	Carbon Nanotube},
  journal = {Nanoletters},
  year = {2005},
  volume = {5},
  pages = {1842-1846}
}

@ARTICLE{yu2007,
  author = {J. Yu and S. B. Sinnott and S. R. Phillpot},
  title = {Charge Optimized Many-Body Potential for the {S}i/{S}i{O}$_2$ System},
  journal = {Physical Review B},
  year = {2007},
  volume = {75},
  pages = {085311}
}

@ARTICLE{yu1995,
  author = {Q. Yu and P. Clancy},
  title = {Molecular dynamics simulation of crystal growth in {S}i$_{l-x}$ {G}e$_x$
	/ {S}i (100) heterostructures},
  journal = {Journal of Crystal Growth},
  year = {1995},
  volume = {149},
  pages = {45-58}
}

@ARTICLE{yu1992,
  author = {R. C. Yu and N. Tea and M. B. Salamon and D. Lorents and R. Malhotra},
  title = {Thermal conductivity of single crystal {C$_{60}$}},
  journal = {Physical Review Letters},
  year = {1992},
  volume = {68},
  pages = {2050-2053}
}

@ARTICLE{yu1997,
  author = {W. Yu and A. Madhukar},
  title = {Molecular Dynamics Study of Coherent Island Energetics, Stresses,
	and Strains in Highly Strained Epitaxy},
  journal = {Physical Review Letters},
  year = {1997},
  volume = {79},
  pages = {905-908}
}

@ARTICLE{PhysRevB.82.195207,
  author = {Zebarjadi, Mona and Esfarjani, Keivan and Yang, Jian and Ren, Z.
	F. and Chen, Gang},
  title = {Effect of filler mass and binding on thermal conductivity of fully
	filled skutterudites},
  journal = {Phys. Rev. B},
  year = {2010},
  volume = {82},
  pages = {195207},
  month = {Nov},
  doi = {10.1103/PhysRevB.82.195207},
  issue = {19},
  numpages = {6},
  publisher = {American Physical Society},
  url = {http://link.aps.org/doi/10.1103/PhysRevB.82.195207}
}

@ARTICLE{zhang2007,
  author = {W. Zhang and T. S. Fisher and N. Mingo},
  title = {Simulation of Interfacial Phonon Transport in {S}iï¿½{G}e Heterostructures
	Using an Atomistic Greenï¿½s Function Method},
  journal = {Journal of Heat Transfer},
  year = {2007},
  volume = {129},
  pages = {483-491}
}

@ARTICLE{zhao2005,
  author = {H. Zhao and J. B. Freund},
  title = {Lattice-dynamical Calculation of Phonon Scattering at Ideal {S}i-{G}e
	Interfaces},
  journal = {Journal of Applied Physics},
  year = {2005},
  volume = {97},
  pages = {024903}
}

@ARTICLE{zhong2006,
  author = {H. Zhong and J. R. Lukes},
  title = {Interfacial thermal resistance between carbon nanotubes: Molecular
	dynamics simulations and analytical thermal modeling},
  journal = {Physical Review B},
  year = {2006},
  volume = {74},
  pages = {125403}
}

@ARTICLE{zhou2005,
  author = {X. W. Zhou and H. N. G. Wadley},
  title = {A charge transfer ionic-embedded atom method potential for the {O}-{A}l-{N}i-{C}o-{F}e
	system},
  journal = {Journal of Physics: Condensed Matter},
  year = {2005},
  volume = {17},
  pages = {3619-3635}
}

@ARTICLE{zhou2004,
  author = {X. W. Zhou and H. N. G. Wadley and J.-S. Filhol and M. N. Neurock},
  title = {Modified charge transfer-embedded atom method potential for metal/metal
	oxide systems},
  journal = {Physical Review B},
  year = {2004},
  volume = {69},
  pages = {035402}
}

@ARTICLE{zhu2009,
  author = {G. H. Zhu and H. Lee and Y. C. Lan and X. W. Wang and G. Joshi and
	D. Z. Wang and J. Yang and D. Vashaee and H. Guilbert and A. Pillitteri
	and M. S. Dresselhaus and G. Chen and Z. F. Ren},
  title = {Increased Phonon Scattering by Nanograins and Point Defects in Nanostructured
	Silicon with a Low Concentration of Germanium},
  journal = {Physical Review Letters},
  year = {2009},
  volume = {102},
  pages = {196803},
  number = {19},
  eid = {196803},
  doi = {10.1103/PhysRevLett.102.196803},
  numpages = {4},
  publisher = {APS},
  url = {http://link.aps.org/abstract/PRL/v102/e196803}
}

@ARTICLE{ziarani2005,
  author = {A. S. Ziarani and A. A. Mohamad},
  title = {A molecular dynamics study of perturbed Poiseuille flow in a nanochannel},
  journal = {Microfluidics and Nanofluidics},
  year = {2005},
  volume = {2},
  pages = {12-20}
}

@BOOK{ziman2001,
  title = {Electrons and Phonons},
  publisher = {Oxford, New York},
  year = {2001},
  author = {J. M. Ziman}
}

@ARTICLE{Zink_Pietri_Hellman_2006,
  author = {Zink, B L and Pietri, R and Hellman, F},
  title = {Thermal conductivity and specific heat of thin-film amorphous silicon.},
  journal = {Physical Review Letters},
  year = {2006},
  volume = {96},
  pages = {055902},
  number = {5},
  url = {http://link.aps.org/doi/10.1103/PhysRevLett.96.055902}
}

@ARTICLE{zou2006,
  author = {J. Zou and B. Ji and X.-Q. Feng and H. Gao},
  title = {Molecular-Dynamic Studies of Carbonï¿½-Waterï¿½-Carbon Composite Nanotubes},
  journal = {Small},
  year = {2006},
  volume = {2},
  pages = {1348-1355}
}

@INBOOK{ibk,
  chapter = {1},
  pages = {1--3},
  title = {Book title},
  publisher = {Publisher {N}ame},
  year = {1991},
  editor = {A. Inbook},
  volume = {2},
  series = {{Series Title}},
  type = {{Chap.}},
  address = {Publisher address},
  edition = {$1^{st}$},
  note = {See also URL \verb+http://www.abc.edu+}
}

@PROCEEDINGS{pro,
  title = {Volume {T}itle},
  year = {1991},
  editor = {A. Proceedings},
  volume = {1},
  series = {Proceedings {S}eries},
  address = {Publisher address},
  publisher = {Publisher {N}ame},
  note = {See also URL \verb+http://www.abc.edu+},
  month = {May},
  organization = {Organization {N}ame}
}

@MISC{,
  note = {{h}ttp://www.quantum-espresso.org/, accessed January 29, 2010.}
}

@MISC{abinit,
  note = {{http://www.abinit.org/}, accessed January 26, 2010}
}

@MISC{amdibm,
  note = {{h}ttp://www.eetasia.com/ART\_8800453686\_499495\_NT\_fc10ce60.HTM,
	accessed {N}ovember 1, 2009.}
}

@MISC{bigdft,
  note = {{http://inac.cea.fr/L\_Sim/BigDFT/}, accessed January 26, 2010}
}

@MISC{cmu_yt,
  note = {{h}ttp://www.youtube.com/user/carnegiemellonu, accessed July 7, 2008}
}

@MISC{ddwiki,
  note = {{h}ttp://ddl.me.cmu.edu/ddwiki/index.php/Wiki-based\_learning\_in\_the\_classroom,
	accessed June 26, 2008}
}

@MISC{gate,
  note = {{h}ttp://www.bell-labs.com/news/2000/april/17/1.html}
}

@MISC{greene2008,
  note = {B. Greene, {``}Put a little science in your life{"}, {\em New York
	Times}, June 1, 2008.}
}

@MISC{gulp,
  note = {{https://www.ivec.org/gulp/}, accessed January 26, 2010}
}

@MISC{jee2008,
  note = {S. E. Jee, A. J. H. McGaughey, and D. S. Sholl, {``}Molecular Simulations
	of Hydrogen and Methane Permeation Through Pore Mouth Modified Zeolite
	Membranes{"}, to appear in {\em Molecular Simulation}.}
}

@MISC{lammps,
  note = {{http://lammps.sandia.gov/}, accessed January 26, 2010}
}

@MISC{landry2008d,
  note = {E. S. Landry and A. J. H. McGaughey, submitted to {\em Physical Review
	B}.}
}

@MISC{malen2009b,
  note = {J. A. Malen, K. Baheti, T. Tong, Y. Zhao, J. A. Hudgings, and A.
	Majumdar, submitted to {\em Review of Scientific Instruments}.}
}

@MISC{malen2009c,
  note = {J. A. Malen, P. Doak, K. Baheti, T. D. Tilley, A. Majumdar, and R.
	Segalman, submitted to {\em Nanoletters}.}
}

@MISC{nae,
  note = {{h}ttp://www.engineeringchallenges.org/, accessed June 26, 2008}
}

@MISC{nanofilter,
  note = {{h}ttp://www.rle.mit.edu/micronano/research\_protein-ogston.htm,
	accessed June 26, 2007}
}

@MISC{nanohub,
  note = {{h}ttp://www.nanohub.org/, accessed {J}anuary 20, 2009}
}

@MISC{nmab,
  note = {http://www7.nationalacademies.org/nmab/CICME\_home\_page.html, accessed
	June 24, 2008.}
}

@MISC{ntpwiki,
  note = {{h}ttp://ntpl.me.cmu.edu/ntpwiki/, accessed {J}anuary 20, 2009}
}

@MISC{osher,
  note = {{h}ttp://www.cmu.edu/osher/, accessed June 26, 2008}
}

@MISC{qe,
  note = {{http://www.quantum-espresso.org/}, accessed January 26, 2010}
}

@MISC{sam,
  note = {{h}ttp://www.me.cmu.edu/faculty1/higgs/generation.html, accessed
	November 1, 2009}
}

@MISC{sbes,
  note = {Simulation-Based Engineering Science: Revolutionizing Engineering
	Science through Simultion, Report of the National Science Foundation
	Blue Ribbon Panel on Simulation-Based Engineering Science, May 2006.
	Available online at http://www.nsf.gov/pubs/reports/sbes\_final\_report.pdf,
	accessed November 1, 2009.}
}

@MISC{scitech,
  note = {{http://www.pps.k12.pa.us/pst/site/default.asp}, accessed January
	26, 2010}
}

@MISC{sim_meeting,
  note = {{h}ttp://ntpl.me.cmu.edu/ntplwiki/index.php/PA-OH-WV\_Simulators\_Meeting,
	accessed {J}anuary 20, 2009}
}

@MISC{ssl,
  note = {Multi-Year Program Plan FY '09-FY'15. Solid-State Lighting Research
	and Development. Prepared for U. S. Department of Energy, March 2009}
}

@MISC{teragrid,
  note = {{http://www.teragrid.org/}, accessed January 26, 2010}
}

@MISC{thermalhub,
  note = {{h}ttp://thermalhub.org/, accessed {J}anuary 20, 2009}
}

@MISC{ultracap,
  note = {{h}ttp://lees-web.mit.edu/lees/projects/cnt\_ultracap\_project.htm,
	accessed June 26, 2007}
}

@MISC{vasp,
  note = {{h}ttp://cms.mpi.univie.ac.at/vasp/}
}

@MISC{wiki,
  note = {{h}ttp://en.wikipedia.org, accessed November 6, 2008}
}

@BOOK{na_storm,
  title = {Rising Above the Gathering Storm: Energizing and Employing America
	for a Brighter Economic Future},
  publisher = {The National Academies Press, Washington},
  year = {2007}
}

@BOOK{nrc_women,
  title = {To Recruit and Advance: Women Students and Faculty in Science and
	Engineering},
  publisher = {The National Academies Press, Washington},
  year = {2006}
}

